3158 5100
127 301 161 363 vi
645 315 774 365 runnx.

125 483 256 556 Requiem
269 492 399 542 uternam
411 487 482 541 done
492 487 539 557 eie,
553 487 628 556 Due,
642 492 671 541 et
681 487 731 540 lux
744 491 873 558 perpetus
885 485 975 541 luceat
987 487 1025 542 eie
1051 517 1060 528 -
1170 519 1179 529 -

233 574 357 644 Absolve,
372 575 449 642 Due,
462 574 568 630 enimes
581 591 673 629 eorum

126 659 256 732 Requiem
270 663 533 718 aeternsmdonueis
546 663 622 732 Due,
633 662 706 717 ctrcl
813 692 823 703 ·
931 691 941 703 ·

123 749 313 805 Sacerdotes
289 768 348 822 eJus
360 751 478 806 induunt
488 751 600 806 soluturi
613 757 641 805 et
652 749 740 805 suncti
751 750 811 821 ejus
822 748 991 804 exultatione
1001 693 1178 806 exultabunt

232 839 295 896 Illic
306 842 451 913 producam
464 841 676 896 cornu-Sancti
689 842 739 910 tui,
754 839 822 894 Due.

122 929 215 1001 Specie
227 930 276 985 tua
287 936 318 986 et
327 929 511 1002 pulcritudine
523 929 573 984 tue
583 929 702 1000 intende,
715 945 839 1001 prospere
826 928 961 1001 procede
972 933 1002 984 et
1012 945 1095 1001 regnu
1167 960 1177 973 ·

232 1016 347 1090 Propter
358 1018 500 1074 veritatem

591 1189 815 1265 TRAOT.

125 1322 165 1378 De
177 1322 317 1394 profundis
328 1323 489 1379 clsmeviud
502 1329 538 1388 te,
552 1324 629 1393 Due,
642 1339 724 1395 euque
736 1321 857 1376 sustinui
870 1327 905 1392 te,
920 1319 987 1374 Due.
1050 1353 1060 1362 -
1168 1353 1178 1364 -

472 1493 943 1572 OFFERTORIES

130 1626 261 1682 Ascendit
273 1628 305 1682 D.
319 1629 347 1682 in
357 1627 522 1699 jubilatione
533 1633 561 1682 et
573 1627 638 1682 Dns.
652 1628 682 1680 in
695 1644 758 1683 voce
771 1627 856 1691 tubae,
869 1624 980 1680 alleluia
1052 1656 1062 1668 ·
1169 1658 1179 1670 -

129 1713 293 1770 Benedictus
305 1716 341 1770 sit
354 1716 386 1770 D.
400 1716 488 1784 Peter,
502 1714 718 1786 Unigenitusque
731 1715 781 1769 Dei
794 1713 888 1784 Filius,
898 1713 1015 1768 Sanctus
1027 1729 1135 1784 quoque
1171 1745 1181 1759 ·

129 1801 265 1857 Confessio
277 1809 305 1858 et
316 1802 469 1876 pulcritudo
481 1803 510 1856 in
524 1810 666 1875 conspectu
678 1803 744 1874 ejus,
758 1801 888 1857 sauctitas
899 1808 927 1857 et
939 1798 1143 1872 magnificentie
1170 1833 1180 1844 -

125 1889 262 1945 Donfirmu
274 1891 323 1946 hoc
336 1891 407 1961 quod
419 1895 543 1961 operatus
555 1908 583 1946 es
596 1891 626 1944 in
637 1890 715 1945 nobis
726 1891 744 1944 d
756 1889 878 1962 tempulo
889 1894 982 1944 sancto
994 1895 1042 1944 tuo
1054 1889 1126 1959 quod
1138 1895 1179 1944 est

127 1977 282 2032 constitues
294 1994 337 2032 eos
349 1979 485 2050 principes
496 1995 575 2048 super
585 1994 693 2032 omnem
706 1982 815 2048 terram,
829 1993 959 2032 memores
972 1982 1054 2032 erunt

127 2065 238 2120 Deiusse
250 2071 290 2120 est
303 2066 391 2137 gratia
403 2066 433 2118 in
445 2065 524 2119 labiis
536 2065 591 2118 tuis
602 2072 741 2137 propterea
753 2065 893 2121 benedixit
906 2070 933 2119 te
946 2065 977 2120 D.
991 2065 1021 2118 in
1048 2095 1059 2106 ·
1166 2095 1177 2108 ·

232 2154 324 2226 Specie
336 2154 384 2208 tud
398 2160 425 2209 et
437 2153 622 2226 pulcritudine

125 2242 292 2297 Desiderium
305 2243 405 2298 enimse
417 2243 477 2314 ejus
489 2243 608 2298 tribuisti
621 2243 652 2314 ei,
667 2244 744 2313 Duo,
757 2249 785 2298 et
796 2243 964 2299 voluntatem
977 2241 1108 2297 lubiorum
1119 2242 1178 2314 ejus

127 2329 194 2384 Due.
208 2329 236 2384 J.
250 2329 290 2393 0,,
303 2348 350 2385 rex
363 2330 464 2402 glories,
477 2328 562 2385 libero
573 2330 679 2385 animus
690 2331 813 2385 omnium
826 2330 948 2385 fidelium
961 2329 1148 2384 defunctorum
1169 2360 1179 2372 -

233 2417 342 2474 Hostius
353 2425 381 2474 et
393 2419 648 2491 preces—Requiem
659 2418 913 2485 ueternum—Quem
922 2418 1070 2473 ollim-In
1080 2419 1177 2491 spiritu

127 2505 300 2561 Exultubunt
310 2507 398 2562 suncti
410 2508 439 2562 in
452 2507 547 2579 glorie,
561 2506 731 2563 laetebuntur
743 2507 773 2562 in
785 2507 920 2564 cubilibus
931 2507 988 2562 suis
1050 2537 1060 2549 ·
1167 2537 1177 2549 ·

128 2769 205 2824 Felix
218 2787 326 2840 nanque
338 2787 367 2825 es
378 2787 452 2825 secra
464 2770 539 2842 virgo
551 2770 640 2826 Maria
652 2776 679 2826 et
691 2770 766 2825 omni
778 2770 858 2825 laude
870 2770 1028 2842 dignissime
1049 2801 1059 2814 ·
1167 2801 1176 2812 ·

127 2858 223 2912 eloris
236 2859 377 2913 ethonore
390 2858 524 2914 coronisti
536 2876 606 2928 eum,
620 2859 698 2927 Due,
711 2864 739 2913 et
751 2859 914 2913 constituisti
927 2877 988 2914 eum
1001 2875 1081 2931 super
1169 2889 1179 2901 ·

128 2945 226 3003 Inveni
240 2947 325 3002 David
338 2962 444 3002 servum
457 2964 555 3017 meum,
571 2946 601 3000 in
614 2947 672 3002 oleo
684 2954 779 3002 sancto
791 2963 851 3002 meo
864 2946 932 3000 unxi
944 2964 1006 3000 eum
1053 2977 1062 2988 -
1170 2978 1180 2988 -

127 3120 163 3174 ln
175 3122 276 3177 virtuto
288 3122 344 3192 cue,
360 3123 435 3192 Due,
448 3122 587 3178 luctabitur
599 3141 646 3178 rex
658 3129 687 3179 et
698 3140 778 3197 super
788 3123 906 3178 salutare
918 3129 997 3178 tuum
1009 3122 1143 3179 exultavit
1167 3153 1178 3165 ·

128 3211 273 3266 Laetemini
286 3212 316 3265 in
330 3212 397 3266 Duo.
411 3217 439 3265 et
451 3211 571 3266 exultate
580 3213 648 3283 justi
660 3217 687 3267 et
699 3212 853 3283 gloriamini
866 3230 960 3267 omnes
971 3213 1035 3266 recti
1048 3212 1126 3267 corde
1166 3243 1176 3255 ·

127 3298 199 3352 Mihi
212 3306 303 3354 cutem
316 3299 399 3352 nimis
410 3297 578 3353 honorificati
589 3305 654 3353 sunt
666 3300 747 3354 amici
760 3302 810 3368 tui,
825 3300 865 3369 Ι),
879 3301 963 3353 nimis
975 3301 1139 3355 confortatus
1166 3331 1176 3343 ·

128 3387 262 3442 Mirabilis
274 3388 306 3442 D.
320 3387 349 3440 in
362 3387 537 3456 sanctissuis,
552 3387 583 3441 D.
596 3386 680 3442 Israel
693 3387 749 3459 ipse
762 3388 975 3443 debitvirtutem
1047 3419 1057 3430 -
1165 3419 1175 3429 -

127 3563 281 3619 Offerentur
292 3563 349 3634 regi
361 3562 477 3633 virgines
489 3566 549 3633 post
561 3579 629 3632 eam,
642 3563 772 3635 proximae
785 3563 844 3636 ejus
856 3564 1002 3620 offerentur
1014 3565 1066 3620 tibi
1164 3595 1173 3606 ·

235 3651 414 3706 Adducentur
426 3650 455 3702 in
468 3649 567 3704 laetitid

125 3739 279 3796 Offerentur
290 3740 345 3810 rogi
357 3739 476 3809 virgines
487 3744 547 3810 post
558 3755 626 3808 eum,
639 3739 770 3810 proximae
783 3739 842 3811 ejus
854 3740 1000 3795 offerentur
1011 3741 1062 3797 tibi
1164 3773 1173 3782 -

233 3828 346 3882 Defusea
358 3833 398 3881 est
409 3826 498 3898 gretie

126 3917 252 3986 Posuisti,
267 3917 343 3985 Due,
357 3916 386 3969 in
399 3916 487 3986 cupite
499 3915 558 3986 ejus
569 3930 696 3969 coronam
708 3915 742 3970 de
753 3915 843 3988 lepide
855 3919 970 3988 pretioso
1045 3948 1055 3958 ·
1163 3947 1173 3958 ·

354 4022 434 4076 super
445 4009 527 4076 caput
538 4003 598 4075 ejus
609 4020 734 4058 coronam
746 4004 780 4060 de
790 4005 879 4077 lupide
892 4005 1007 4078 pretioso
1042 4034 1053 4046 ·
1163 4035 1172 4047 ·

125 4092 244 4163 protege,
259 4090 334 4161 Due,
347 4092 452 4162 plebem
465 4097 542 4146 tuam
554 4107 601 4163 per
612 4091 721 4162 signum
733 4099 834 4148 sanctes
846 4093 931 4147 crucis
940 4093 975 4147 ab
988 4092 1115 4148 omnibus
1162 4124 1172 4135 ·

125 4179 207 4235 Stetit
219 4177 332 4250 ungulus
340 4179 423 4249 juxte
434 4197 508 4233 crem
521 4178 618 4250 templi
629 4179 733 4235 hebens
745 4180 897 4235 turibulum
910 4198 1022 4235 aureum
1035 4180 1066 4234 in
1077 4197 1162 4235 manu

231 4266 266 4320 In
279 4272 423 4338 conspectu
434 4267 593 4338 angelorum

125 4359 206 4412 Terre
218 4355 330 4410 tremuit
342 4360 370 4410 et
382 4354 486 4424 quievit
497 4354 563 4407 dum
575 4357 723 4424 resurgeret
735 4353 879 4425 injudicio
926 4385 938 4398 ·
1046 4387 1056 4398 ·
1164 4388 1173 4398 ·

124 4446 231 4501 Veritus
243 4461 303 4497 mee
315 4448 342 4497 et
354 4442 535 4497 misericordia
547 4459 680 4497 meseum
693 4441 751 4514 ipso
762 4449 790 4497 et
804 4444 831 4496 iu
846 4445 955 4498 nomine
968 4461 1027 4499 meo
1045 4475 1055 4485 -
1164 4476 1173 4485 -

230 4531 312 4586 Posui
323 4531 488 4602 adjutorium
502 4532 531 4584 iu
544 4536 682 4602 potentem
