3158 5100
698 275 825 323 INDEX.

595 677 923 758 COMMONS.

183 879 329 934 elnensi
340 879 465 950 genetrix
477 895 600 935 sueeurre
611 879 785 952 precantibus
797 878 912 948 eunetis,
926 893 976 932 nos
987 893 1093 948 quoque
1105 879 1163 934 uni
1229 910 1238 920 ·

186 971 276 1025 Amen
289 970 348 1025 dieo
359 970 443 1040 vobis,
460 969 532 1040 qudd
544 986 590 1025 vos
602 969 650 1041 qui
662 968 812 1041 reliquistis
823 969 917 1024 omnia
929 973 957 1023 et
968 968 1053 1023 seeuti
1066 968 1131 1023 estis
1143 986 1186 1024 me
1230 1001 1240 1011 ·

184 1057 283 1113 Beatus
295 1056 341 1113 ille
353 1074 446 1113 servus
457 1074 538 1129 quem
551 1058 612 1113 edm
624 1057 729 1112 venerit
740 1057 799 1112 dns.
814 1056 838 1128 ej
844 1074 876 1110 us
887 1062 916 1111 et
927 1056 1063 1111 invenerit
1110 1087 1120 1097 -
1228 1088 1238 1098 ·

550 1145 656 1201 venerit
668 1145 733 1199 Dus.
746 1144 885 1200 invenerit
896 1143 1055 1215 vigilantem
1109 1163 1121 1185 -‘
1134 1195 1136 1200 ,
1228 1175 1237 1185 -

183 1234 371 1290 Benedieimus
384 1234 470 1289 Deum
482 1233 545 1289 eseli
557 1238 686 1289 eteorum
699 1232 827 1288 omnibus
838 1232 993 1288 viventibus
1004 1231 1192 1287 confitebimur
1229 1263 1247 1284 -.

182 1321 441 1392 Benedieiteengeli
454 1321 517 1375 Dni.
533 1320 602 1376 Dno.
615 1337 730 1392 ymnum
743 1320 825 1375 dieite
839 1325 867 1374 et
879 1319 1079 1392 superexaltate
1110 1350 1120 1361 ·
1228 1351 1238 1361 ·

183 1411 296 1467 Defessa
307 1416 348 1466 est
358 1411 449 1483 gretia
460 1411 489 1464 in
502 1410 581 1465 labiis
593 1410 656 1479 tuis,
670 1415 812 1482 propterea
823 1408 964 1464 benedixit
975 1415 1003 1464 ts
1016 1409 1048 1465 D.
1061 1408 1091 1462 in
1103 1413 1237 1464 aeternum

183 1498 263 1562 Dno.,
276 1498 398 1568 quinque
410 1497 514 1553 talenta
528 1496 666 1552 tradidisti
678 1496 756 1565 mihi,
770 1514 829 1553 eeee
841 1496 897 1552 alie
909 1514 934 1552 v.
946 1495 1148 1569 supralaeratus
1160 1512 1220 1554 sum

183 1586 240 1658 Ego
252 1602 313 1640 sum
325 1586 483 1642 resurreetio
495 1591 523 1640 et
535 1585 601 1655 vita,
615 1584 663 1655 qui
676 1584 762 1640 eredit
773 1587 804 1638 in
816 1601 868 1653 me,
882 1583 988 1640 etiamsi
1001 1589 1105 1638 mortus
1116 1583 1199 1639 fuerit
1229 1614 1238 1624 ·

248 1690 293 1729 vos
304 1673 374 1745 elegi
385 1673 419 1729 de
432 1673 534 1728 mundo
547 1677 579 1727 ut
590 1672 658 1728 eatis
670 1678 698 1728 et
710 1672 827 1727 fruetum
839 1671 967 1742 afferetis,
981 1677 1009 1727 et
1020 1671 1124 1727 fruetus
1136 1677 1225 1727 vester
1299 1694 1301 1718 τ

106 1986 110 1992 .
185 1939 283 1994 Faetus
295 1945 335 1993 est
346 1938 456 2010 repente
468 1938 501 1993 de
513 1937 570 1992 eelo
582 1953 666 1993 sonus
678 1942 809 2009 tunquam
822 1936 994 1993 advenientis
1006 1937 1117 2009 spiritis
1228 1969 1238 1978 -

185 2025 285 2081 Fidelis
296 2042 388 2080 servus
399 2032 427 2080 et
439 2024 559 2097 prudens
570 2041 652 2095 quem
664 2025 809 2080 eonstituit
821 2024 879 2080 dns.
894 2041 975 2098 super
987 2024 1120 2080 fumilium
1228 2053 1237 2065 ·

185 2112 306 2169 Gaudete
315 2112 385 2184 justi
397 2112 426 2165 in
441 2112 518 2182 Dno.,
531 2111 652 2181 alleluia,
665 2118 751 2168 reetos
763 2113 839 2168 deest
850 2112 1020 2183 collaudatio,
1034 2111 1145 2168 alleluia
1229 2143 1238 2152 ·

183 2202 327 2256 Justorum
340 2201 441 2256 animee
453 2199 483 2254 in
495 2216 580 2255 manu
594 2200 644 2256 Dei
657 2208 723 2256 sunt
735 2207 762 2256 et
774 2217 830 2256 non
842 2206 939 2273 tanget
950 2200 1013 2255 illos
1024 2207 1191 2256 tormentum
1228 2231 1237 2241 ·

183 2376 287 2449 Magne
298 2383 339 2432 est
351 2376 437 2448 gloria
449 2376 509 2448 ejus
521 2377 551 2430 in
564 2376 678 2432 salutari
691 2381 745 2446 tuo,
760 2377 874 2447 gloriam
888 2382 917 2431 et
929 2393 1056 2447 magnam
1069 2375 1190 2431 decorem
1228 2408 1238 2418 -

519 2455 523 2464 ’
932 2473 1060 2535 magnum

185 2553 321 2610 Peseaoha
331 2558 454 2608 nostrum
468 2552 626 2608 immolatus
637 2558 679 2608 est
691 2551 823 2621 Christus,
837 2550 957 2622 alleluia,
971 2552 1064 2622 iteque
1076 2551 1228 2624 epullemur

183 2642 235 2697 Per
248 2641 353 2714 lignum
367 2640 436 2696 servi
448 2640 513 2696 faeti
525 2659 627 2711 sumus,
640 2647 669 2696 et
681 2657 727 2714 per
738 2645 861 2696 sanetum
875 2657 980 2696 eruoem
993 2639 1101 2695 liberati
1115 2657 1208 2695 sumus
1227 2672 1237 2682 -

185 2731 299 2795 Psallite
311 2728 379 2785 Dno.
393 2729 441 2800 qui
453 2729 588 2785 seseendit
599 2746 679 2801 super
691 2729 760 2785 eeles
772 2729 884 2785 eelorem
897 2729 932 2784 ad
944 2734 1073 2798 urentem,
1086 2727 1198 2784 alleluia
1229 2761 1238 2771 ·

186 2819 238 2883 Qui
250 2818 319 2871 mihi
331 2817 476 2888 ministrat,
490 2834 534 2872 me
546 2823 683 2888 sequatur,
697 2822 726 2872 et
739 2817 786 2872 ubi
799 2834 849 2886 ego
861 2834 932 2887 sum,
945 2815 1002 2872 illie
1015 2823 1043 2872 et
1055 2818 1179 2872 minister
1226 2847 1237 2858 -

249 2907 310 2962 vult
321 2906 413 2962 venire
425 2911 486 2978 post
498 2923 541 2960 me
553 2906 671 2977 abneget
682 2905 801 2977 seipsum
814 2911 841 2960 et
854 2905 933 2961 tollet
945 2922 1048 2961 eruuem
1062 2922 1138 2960 suam
1230 2938 1239 2948 ·

676 2993 850 3065 semetipsum

188 3083 348 3154 Quieunque
361 3081 453 3137 feeerit
465 3080 633 3136 voluntatem
647 3080 737 3136 Patris
749 3081 801 3136 mei
815 3081 906 3153 quiin
918 3081 981 3136 uelis
993 3087 1041 3151 est,
1054 3081 1110 3152 ipse
1122 3097 1198 3135 meus
1229 3112 1239 3123 -

188 3171 315 3241 Quinque
327 3169 473 3242 prudentes
484 3168 603 3240 virgines
613 3174 774 3240 aeceperunt
785 3168 873 3224 oleum
885 3186 973 3225 seeum
987 3169 1016 3222 iu
1030 3168 1113 3224 vassis
1125 3169 1181 3223 suis
1225 3200 1235 3210 ·

188 3257 281 3313 Simile
291 3262 331 3312 eet
343 3272 456 3327 regnum
469 3255 586 3310 oelorum
599 3254 704 3309 homini
716 3257 878 3327 negotiatori
890 3256 1024 3329 quaerenti
1036 3257 1120 3312 bonas
1227 3288 1236 3298 ·

188 3345 243 3401 Vos
256 3344 303 3415 qui
315 3345 399 3399 secuti
413 3342 477 3398 estis
488 3359 540 3410 me,
553 3342 681 3398 sedebitis
691 3359 771 3415 super
782 3345 856 3402 sedes
862 3345 1018 3419 judicantes
1029 3345 1069 3400 xii
1081 3344 1169 3401 tribus
1228 3377 1239 3388 -
