3158 5100
662 290 788 340 INDEX.

424 693 915 780 eosucooeoeous,
956 697 1027 771 ee.

1252 841 1310 872 PAO!

147 887 258 959 Adesto,
273 891 348 959 Dne,
362 890 463 963 populo
475 897 531 959 tuo,
545 895 577 944 ut
588 907 642 962 que
653 891 770 964 sumpsit
782 891 907 962 fideliter,
919 893 1108 950 intercessione
1194 928 1203 936 -
1278 917 1309 964 73

146 980 356 1051 Adjuventnos,
383 998 418 1051 q.,
432 979 508 1051 line,
523 985 552 1035 et
566 979 616 1035 heo
627 979 749 1035 misteria
760 986 854 1036 sancta
866 997 919 1051 que
931 983 1096 1055 sumpsimus
1111 990 1139 1038 et
1194 1014 1204 1025 ·

147 1156 311 1228 Apostolicis
323 1173 379 1227 nos,
394 1173 428 1227 q.,
444 1157 521 1226 Due,
535 1157 618 1212 atelle
630 1156 770 1229 praesidiis,
784 1162 816 1210 ut
828 1161 931 1227 quanto
942 1157 1091 1229 fragiliores
1193 1190 1202 1200 ·

147 1243 226 1299 Beati
239 1244 397 1299 confessoris
409 1245 460 1315 tui,
474 1245 551 1313 Dna,
565 1262 600 1315 q.,
614 1245 800 1317 deprecatione
812 1261 861 1298 nos
872 1244 979 1316 adjuva,
993 1245 1023 1298 in
1036 1245 1115 1318 cujus
1192 1279 1201 1287 -

487 1330 521 1386 N.
537 1331 612 1401 Dne,
628 1332 761 1404 suffragiis
774 1337 907 1402 exoratus,
920 1332 1039 1406 percepti
1075 1364 1086 1375 ·
1194 1366 1203 1374 -

252 1417 396 1475 Michaelis
407 1420 565 1493 archangeli
578 1420 621 1475 tui
632 1420 823 1476 intercessione
834 1419 946 1491 suffulti,
960 1421 1094 1492 supplices
1107 1427 1142 1493 ts,
1192 1454 1202 1464 ·

144 1507 244 1563 Gelesti
257 1525 371 1565 munere
384 1510 484 1580 satiati,
499 1527 534 1580 q.,
548 1527 571 1565 e.
587 1511 629 1581 D.‚
642 1510 692 1565 tud
703 1528 754 1566 nos
765 1511 933 1582 protectione
945 1511 1051 1565 custodi

144 1596 255 1652 celestis
267 1598 448 1669 participatio,
462 1598 540 1667 Dne,
554 1599 718 1654 sacrementi
731 1599 876 1654 animabus
888 1603 1032 1670 pareutum
1045 1615 1168 1653 meorum
1192 1632 1202 1641 ·

269 1685 363 1740 refecti
375 1685 552 1740 sacramentis
565 1690 592 1740 et
603 1685 717 1756 gaudiis,
731 1685 868 1758 supplices
881 1692 915 1755 te,
930 1686 1006 1754 Due,
1020 1685 1197 1757 deprecemur

144 1772 275 1843 Concede,
290 1790 324 1844 q.,
338 1790 361 1829 o.
376 1774 417 1844 D.‚
431 1773 563 1829 Sanctum
575 1790 623 1829 nos
635 1774 770 1846 Spiritum
780 1775 850 1830 votis
862 1774 1007 1847 promereri
1019 1775 1121 1830 sedulis
1192 1807 1202 1818 ·

430 1868 462 1917 ut
474 1863 576 1917 animae
587 1862 754 1917 famulorum
767 1867 876 1916 tuorum
889 1862 1056 1916 sacerdotum
1070 1862 1105 1917 N.
1191 1895 1201 1905 ·

473 1955 592 2004 veterem
605 1966 668 2003 eum
680 1949 738 2004 suis
749 1949 857 2005 actibus
868 1947 1006 2003 hominem
1020 1950 1188 2022 deponentes

142 2035 267 2108 Corporis
279 2037 348 2092 sacri
361 2041 389 2092 et
400 2037 513 2110 pretiosi
526 2037 669 2110 sanguinis
680 2037 777 2110 repleti
789 2036 928 2107 libamine,
942 2055 976 2108 q.,
991 2038 1059 2093 Dne.
1074 2037 1105 2093 D.
1120 2057 1147 2094 n.
1190 2071 1200 2080 -

143 2210 185 2265 De
198 2210 309 2265 famulis
323 2211 384 2279 tuis,
398 2228 431 2282 q.,
446 2212 524 2282 Due,
538 2213 668 2268 omnibus
680 2212 818 2284 episeopis,
832 2212 986 2281 abbatibus,
1000 2213 1142 2269 monachis
1190 2246 1199 2256 ·

248 2298 486 2370 Saperpopalum.
523 2301 572 2369 Da,
586 2318 620 2371 q.,
636 2300 712 2369 Dns,
726 2299 825 2372 populo
838 2304 886 2353 tuo
898 2300 1048 2354 sanitatem

144 2387 175 2440 D.
179 2428 185 2456 ,
199 2391 296 2442 auctor
307 2388 381 2460 pacis
393 2394 422 2442 et
433 2393 546 2442 amator.
560 2405 642 2458 quem
654 2404 732 2442 nosse
745 2389 843 2456 vivere,
856 2387 900 2441 cui
913 2371 1014 2441 servire
1025 2404 1139 2458 regnare
1152 2395 1193 2444 est

196 2474 321 2529 fidelium
334 2475 427 2530 lumen
440 2476 606 2544 animarum,
621 2474 713 2529 adesto
725 2474 970 2546 supplicationibus
982 2475 1083 2529 nostris
1190 2507 1199 2518 -

196 2561 253 2617 vite
265 2562 428 2632 viventium,
441 2578 502 2634 spes
514 2561 698 2632 morientium,
712 2561 786 2616 salus
798 2560 920 2616 omnium
934 2561 964 2614 in
977 2566 1004 2616 te
1016 2561 1186 2616 credentium

193 2665 340 2721 regnorum
352 2651 477 2705 omnium
490 2656 519 2705 et
530 2650 680 2705 Christiani
694 2654 830 2722 protector
842 2649 957 2720 imperii,
971 2648 1006 2704 de
1018 2650 1102 2704 servis
1114 2651 1171 2707 tuis
1189 2683 1198 2693 ·

141 2736 241 2792 Divina
253 2737 375 2807 libentes
387 2738 517 2808 misteria,
533 2738 609 2807 Due,
623 2755 682 2809 qus,
697 2754 746 2810 pro
757 2736 846 2791 sancti
858 2737 1015 2792 confessoris
1028 2737 1069 2791 tui
1082 2736 1115 2793 N.
1189 2772 1199 2781 -

528 2842 591 2895 quae
603 2842 653 2897 pro
665 2831 801 2880 sectorum
814 2823 995 2878 confessorum
1009 2830 1118 2879 tuorum
1133 2824 1167 2878 N.
1189 2859 1198 2868 -

527 2929 562 2982 q.,
577 2912 654 2981 Dne,
669 2919 701 2966 ut
713 2912 772 2967 haee
783 2910 915 2966 mlutarie
927 2918 1097 2967 sacramenta
1109 2912 1166 2967 illis
1185 2945 1195 2955 ·

379 3004 550 3054 sacramenta
566 2998 689 3069 concede,
704 3016 738 3070 q.,
752 3014 775 3053 e.
790 2998 831 3066 D.‚
847 3003 879 3053 ut
891 2997 951 3053 haee
963 2998 1057 3053 eadem
1070 2999 1149 3055 nobis
1185 2999 1203 3041 -'

253 3085 373 3140 liventes
384 3086 515 3155 misteria,
529 3103 565 3156 q.,
580 3085 657 3156 line,
672 3092 808 3141 uteorum
821 3101 871 3138 nos
884 3085 984 3156 ubique
997 3085 1152 3142 intercessio
1190 3119 1199 3128 -

140 3173 264 3228 Gratiam
278 3178 362 3244 tuam,
377 3191 411 3244 q.,
427 3175 504 3243 Dne,
519 3174 767 3229 mentibusncstris
779 3173 946 3242 infundent
958 3174 1006 3244 qui
1018 3175 1116 3246 angelo
1187 3206 1197 3217 ·

139 3261 207 3317 Haeo
220 3277 270 3316 nos
281 3262 448 3331 communio,
462 3262 540 3333 Dne,
555 3267 654 3335 purget
665 3264 683 3317 a
694 3262 810 3318 crimine
822 3267 850 3316 et
862 3261 1047 3318 intercedente
1059 3263 1140 3319 bestii
1188 3297 1198 3306 -

282 3453 317 3507 q.,
331 3436 408 3506 Dna,
422 3439 587 3493 sacrementi
600 3439 737 3511 perceptio
750 3443 882 3510 proteget,
897 3443 926 3492 et
938 3436 1053 3493 famulos
1065 3445 1127 3494 tuos
1187 3472 1197 3481 -

139 3521 298 3594 Invenient,
312 3541 347 3595 q.,
362 3525 439 3595 Dne,
453 3526 555 3582 animae
567 3527 734 3581 famularum
748 3533 858 3581 tuarum
872 3527 925 3595 (ecl
937 3525 1049 3580 famulae
1063 3527 1129 3599 tuae)
1142 3525 1176 3581 N.
1279 3533 1280 3537 ’

564 3613 731 3668 famulorum
745 3618 854 3665 tuorum
868 3611 1089 3682 famularumque
1186 3645 1195 3656 -

140 3698 251 3769 Largire
262 3700 386 3755 sensibus
399 3700 506 3770 nostris,
520 3717 543 3755 o.
558 3701 599 3770 D.‚
614 3707 647 3755 ut
659 3718 706 3773 per
718 3701 896 3772 temporalem
909 3700 939 3752 in
951 3716 1030 3754 cruos
1042 3699 1107 3755 Filii
1120 3703 1160 3756 tui
1187 3735 1196 3743 -

140 3787 171 3840 Ο.
184 3787 347 3859 sempiterne
359 3787 402 3853 D.‚
416 3788 543 3844 collocare
554 3788 673 3860 digneris
685 3806 780 3860 corpus
793 3789 846 3859 (oct
858 3789 981 3860 corpora)
995 3793 1023 3842 et
1034 3789 1155 3844 animam
1183 3821 1192 3832 ·

413 3875 522 3930 dimitte
536 3876 619 3945 nobis,
634 3876 701 3931 Dne.
715 3876 804 3945 Pater,
818 3880 927 3948 peccata
938 3883 1030 3948 nostru
1064 3907 1074 3918 ·
1182 3910 1192 3919 -

139 3962 282 4033 Perceptis,
297 3962 373 4033 Due,
387 3963 569 4028 sacramentis,
583 3969 631 4018 tua
643 3981 693 4018 nos
705 3981 760 4017 non
773 3964 877 4018 deserat
888 3963 980 4036 pietas,
993 3964 1059 4034 quia
1071 3967 1101 4017 in
1182 3998 1192 4007 -

140 4048 193 4106 Per
204 4051 263 4120 hoc,
277 4068 312 4122 q.,
327 4051 405 4117 Due,
418 4052 579 4107 sacrificium
593 4053 664 4122 quod
676 4059 733 4108 tuae
745 4051 893 4108 obtulimus
904 4052 1000 4125 pietati
1012 4053 1046 4106 ab
1059 4054 1186 4107 omnibus

204 4138 287 4209 hujus
298 4139 387 4194 sancti
400 4140 515 4194 misterii
527 4140 665 4211 virtutem,
679 4158 714 4211 q.,
728 4157 751 4194 o.
767 4140 807 4209 D.‚
821 4139 1004 4194 intercedente
1017 4140 1111 4194 sancti
1182 4173 1192 4183 -

138 4226 244 4299 Pignus
255 4233 367 4283 aetsrnae
379 4229 444 4284 vitae
456 4230 599 4300 euplentes,
614 4227 690 4296 Due,
703 4228 844 4283 humiliter
856 4227 1031 4300 imploremus
1065 4259 1075 4268 -
1184 4260 1192 4271 -

138 4315 217 4371 Plebs
230 4321 284 4386 tue,
299 4317 375 4386 Dne,
389 4316 479 4388 capiat
491 4333 573 4372 saerae
587 4315 781 4373 benedictionis
793 4323 980 4388 augmentum,
994 4321 1021 4369 et
1033 4317 1146 4387 copiosis
1182 4350 1192 4360 -

137 4403 256 4475 Porrige,
271 4404 348 4475 Dne,
361 4405 474 4460 lammis
486 4405 541 4459 tuis
553 4405 660 4476 regibus
673 4405 771 4460 nostris
784 4405 837 4476 (oet
848 4404 949 4459 famulo
962 4409 1009 4458 tuo
1021 4407 1077 4476 regi
1090 4412 1182 4461 nostro

137 4490 242 4546 Praesta
255 4492 341 4558 nobis,
355 4491 432 4562 Dne,
446 4498 548 4548 aeterne
560 4491 680 4564 largitor,
693 4491 753 4564 ejus
767 4491 867 4563 ubique
878 4490 925 4564 pie
937 4491 1041 4563 protegi
1053 4491 1192 4548 cretione-
