3158 5100
688 285 807 350 Canon
821 285 950 349 Missa.
1036 305 1039 309 ’

623 457 752 522 unitate
777 457 920 540 Spiritds
942 455 1065 532 Sancti,
1082 454 1187 521 omnis
1198 453 1306 527 honor
1320 457 1357 519 et
1371 453 1483 540 gloria

623 563 684 626 per
698 543 809 609 omnia
824 544 937 608 secula
952 541 1147 607 seculorum.
1192 542 1309 605 Amen.

670 631 801 695 Oratio.

667 716 838 800 Preceptis
866 714 1068 780 salutaribus
1090 712 1208 778 moniti
1230 716 1265 778 et
1290 711 1401 778 divini
1428 713 1479 777 in·

624 801 798 866 stitutione
813 801 957 878 formati,
974 801 1133 866 audemus
1148 799 1266 864 dicere.

666 889 769 952 Pater
790 894 914 965 noster,
935 889 992 972 qui
1016 909 1053 952 es
1075 889 1109 950 in
1134 886 1225 962 celis,
1251 883 1479 950 sanctificetur

623 973 743 1038 nomen
772 979 885 1051 tuum3
919 974 1074 1039 adveniat
1102 993 1242 1058 regnum
1271 975 1385 1036 tuum:
1416 973 1479 1037 fiat

623 1060 780 1124 voluntas
817 1066 885 1136 tua,
926 1062 1013 1124 sicut
1049 1061 1083 1124 in
1121 1058 1192 1123 celo
1229 1063 1265 1122 et
1301 1058 1336 1121 in
1373 1059 1478 1123 terri.

623 1147 746 1211 Panem
762 1152 913 1210 nostrum
931 1147 1159 1230 quotidianum
1174 1145 1217 1210 da
1238 1145 1334 1208 nobis
1356 1144 1476 1221 bodie3

624 1237 660 1296 et
678 1231 807 1297 dimitte
831 1233 849 1270 '¹⁶
868 1234 964 1297 nobis
981 1233 1094 1298 debita
1113 1237 1228 1296 nostra
1250 1231 1336 1295 sicut
1357 1235 1391 1295 et
1414 1252 1476 1296 nos

623 1318 821 1383 dimittimus
854 1319 1059 1383 debitoribus
1089 1318 1232 1389 nostris:
1271 1325 1306 1382 et
1337 1337 1379 1381 ne
1413 1338 1475 1382 nos

623 1405 760 1469 inducas
790 1406 825 1468 in
854 1406 1105 1491 temptationem
1136 1404 1194 1469 sed
1223 1403 1328 1468 libera
1357 1424 1420 1468 nos
1453 1411 1473 1469 a

623 1490 723 1556 mala
767 1493 884 1556 Amen.

666 1577 787 1642 Libera
801 1598 872 1654 nos
885 1599 1082 1662 quaesumus,
1098 1576 1247 1652 Domine,
1264 1576 1306 1641 ab
1321 1574 1475 1641 omnibus

623 1665 721 1728 malis
747 1665 935 1748 praeteritis,
960 1664 1187 1749 praesentibus,
1212 1668 1246 1727 et
1275 1663 1409 1739 futuris,
1441 1669 1476 1728 ct

154 1747 311 1839 ,lffififflgg
326 1827 333 1842 ι
341 1750 606 1842 &mmmmm
623 1749 848 1814 intercedente
863 1772 923 1835 pro
939 1752 1034 1814 nobis
1054 1750 1152 1815 beatt
1170 1754 1204 1813 et
1224 1749 1369 1833 gloriast
1390 1770 1475 1814 sem·

623 1857 749 1920 perque
763 1838 914 1922 virguine
930 1837 993 1901 Dei
1008 1837 1175 1922 genetrice
1191 1835 1300 1900 Mariti
1316 1839 1352 1899 et
1364 1836 1475 1900 beatis

623 1923 784 2006 apostolis
803 1924 871 1987 tuis
894 1924 994 1988 Petro
1019 1928 1054 1987 et
1078 1922 1182 1988 Paulo
1212 1927 1312 2004 atque
1337 1922 1472 1987 Andret

623 2030 697 2072 cum
731 2009 882 2075 omnibus
914 2010 1047 2086 sanctis,
1078 2008 1131 2074 Da
1161 2009 1324 2093 propitius
1356 2029 1474 2093 pacem

622 2100 714 2160 tuam
742 2098 775 2159 in
802 2095 919 2160 diebus
946 2097 1071 2160 nostris
1096 2101 1136 2159 ut
1157 2115 1219 2178 ope
1241 2093 1474 2159 misericordia

622 2187 686 2246 tuae
703 2182 809 2268 adjuti
826 2187 861 2246 et
875 2191 894 2246 a
912 2188 1046 2266 peccato
1063 2182 1166 2246 simus
1182 2201 1312 2264 semper
1326 2179 1424 2244 liberi
1441 2186 1476 2245 et

623 2270 665 2332 ab
692 2269 781 2333 omni
806 2269 1054 2353 perturbatione
1082 2266 1199 2332 securi.
1243 2268 1308 2330 Per
1333 2269 1474 2333 eundem

622 2353 800 2419 Dominum
826 2360 976 2418 nostrum
1005 2354 1121 2419 Jesum
1152 2353 1320 2418 Christum
1349 2353 1473 2418 Filium

622 2444 717 2505 tuum
732 2443 788 2526 qui
803 2446 912 2504 tecum
927 2442 1011 2505 vivit
1026 2447 1069 2506 et.

626 2562 629 2568 ·
666 2529 731 2592 Per
746 2529 856 2593 omnia
872 2528 983 2592 secula
998 2527 1193 2604 seculorum.
1238 2527 1354 2590 Amen.

666 2615 735 2679 Pax
751 2614 883 2679 Domini
900 2615 945 2679 sit
960 2635 1089 2698 semper
1104 2613 1281 2678 vobiscum.

666 2700 712 2765 Et
726 2723 799 2765 cum
816 2701 937 2786 spiritu
951 2705 1021 2765 tuo.

666 2787 927 2872 AgnusDei,qui
938 2787 1030 2852 tollis
1040 2784 1303 2871 peccatamundi,
1312 2784 1472 2851 miserere

623 2874 728 2938 nobis.

153 2951 175 2995 ²*
202 2951 286 3042 42b.
667 2961 686 2999 ’¹‘
702 2962 818 3045 Agnus
833 2958 905 3037 Dei,
919 2959 975 3044 qui
990 2958 1082 3025 tollis
1097 2961 1234 3043 peccata
1248 2958 1373 3035 mundi,
1385 2959 1474 3024 dona

365 3087 368 3092 -
622 3046 718 3111 nobis
733 3068 856 3131 pacem.

664 3131 803 3197 Domine
835 3136 947 3197 sancte
980 3133 1080 3196 Pater
1109 3129 1317 3215 omnipotens
1350 3135 1473 3196 aeternc

152 3221 260 3260 ‘sm
272 3229 287 3263 ÷
300 3219 346 3259 W·
563 3266 566 3270 -
621 3216 722 3296 Deus,
738 3219 781 3282 da
802 3220 883 3282 mihi
899 3232 913 3260 ἢ
928 3239 1047 3302 corpus
1070 3222 1105 3282 et
1121 3218 1315 3302 sanguinem
1337 3215 1473 3282 Domini

152 3317 164 3349 ²¹
181 3313 260 3352 Sarum
271 3321 287 3355 ’ν
299 3313 372 3362 orani.
621 3305 727 3370 nostri
736 3304 757 3369 J
759 3326 818 3369 esu
830 3305 955 3370 Christi
969 3304 1047 3368 Filii
1057 3305 1107 3368 tui
1121 3304 1170 3368 ita
1184 3307 1200 3344 b
1213 3323 1352 3380 sumere,
1362 3309 1400 3368 ut
1412 3325 1473 3388 per

620 3392 682 3455 hoc
705 3413 834 3457 merear
858 3391 1068 3455 remisionem
1095 3391 1239 3454 omnium
1263 3395 1472 3473 peccatorum

620 3499 767 3541 meorum
783 3479 931 3561 accipere
947 3483 981 3542 et
996 3484 1053 3541 tuo
1070 3477 1191 3541 Sancto
1202 3477 1328 3562 Spiritu
1336 3477 1474 3560 repleri,

153 3563 224 3604 ‘sab
235 3570 251 3604 ÷
263 3563 371 3610 “pm
379 3560 539 3602 nominare.
619 3564 722 3648 ⁰quia
736 3569 774 3628 tu
789 3586 825 3629 es
840 3563 931 3629 Deus
947 3565 962 3605 ‘¹
977 3563 1072 3646 cujus
1093 3584 1230 3647 regnum
1248 3567 1281 3626 et
1298 3563 1474 3648 imperium

151 3612 163 3645 d
178 3613 226 3652 sar.
241 3620 257 3654 ÷
275 3612 333 3652 solus
345 3614 368 3651 et
382 3613 464 3662 prmter
474 3613 497 3652 te
511 3621 556 3652 non
569 3611 603 3651 cst
1072 3649 1079 3662 ‚

152 3662 216 3702 ana.
619 3648 800 3734 gloriosum
830 3664 842 3692 θ
871 3655 1042 3736 permanet
1070 3671 1105 3711 111
1136 3649 1247 3714 secula
1277 3650 1472 3714 seculorum.

150 3719 162 3745 θ
176 3712 223 3754 Sar.
235 3719 251 3754 ÷
261 3711 309 3753 sinc
318 3709 368 3761 flac.
620 3737 736 3800 Amen·

667 3823 810 3901 Quando
825 3824 1007 3888 misceatur
1022 3842 1154 3902 corpus.

663 3909 744 3973 Haec
779 3909 991 3974 sacrosancta
1027 3908 1215 3973 commixtio
1252 3909 1400 3992 corporis
1436 3913 1474 3974 et

622 3996 792 4080 sanguinis
830 3996 963 4059 Domini
999 3996 1106 4058 nostri
1136 3994 1218 4059 Jesu
1255 3994 1381 4059 Christi
1411 3995 1472 4060 fiat

151 4088 160 4120 ¹
175 4089 254 4130 samm
264 4090 304 4131 ¹¹³⁸
313 4091 370 4131 mim
379 4090 517 4138 omnemque
526 4090 570 4130 ard
580 4090 602 4129 ¹1¹
621 4083 772 4145 omnibus
784 4083 796 4123 s
809 4082 1014 4147 sumentibus
1031 4080 1122 4144 salus
1131 4081 1251 4145 mentis
1263 4087 1298 4144 ct
1313 4083 1470 4167 corporis,

152 4141 191 4178 the
205 4143 258 4179 next
272 4142 318 4180 line
330 4140 384 4181 adde
397 4141 570 4190 promerendam
583 4145 604 4181 a
750 4169 757 4182 .
1439 4169 1446 4182 ·

150 4188 400 4241 [seroreeapomoam.
621 4169 710 4233 etad
727 4173 829 4232 vitam
844 4168 1078 4252 capescendam
1100 4172 1255 4232 aeternam
1271 4173 1470 4253 praeparatio

622 4254 788 4319 salutaris.
833 4256 897 4319 Per
912 4254 1091 4318 Christum.

153 4395 175 4438 g
663 4341 835 4425 Perceptio
851 4339 998 4426 corporis
1013 4345 1048 4403 ct
1063 4339 1233 4423 sanguinis
1247 4338 1469 4416 tui,Dominc‚

201 4416 282 4485 ⁴³³*
619 4425 1470 4600 ihtinnitibus-inuh*iam
