3158 5100
579 293 617 356 in
632 291 687 353 die
703 287 926 354 Accensiom's
942 284 1091 349 Domini.

664 527 666 531 ,
699 461 796 526 Hane
824 459 929 543 igitur
958 457 1161 523 oblationem
1188 454 1361 522 servitutis
1388 456 1514 519 nostra

657 548 716 614 sed
731 551 767 610 et
780 551 905 610 cunctae
920 544 1054 610 familia
1069 549 1134 609 tuae
1150 565 1249 628 quam
1263 543 1326 609 tibi
1340 541 1515 606 offerimus

657 655 717 721 pro
741 633 795 697 his
818 653 948 717 quoque
970 652 1054 714 quos
1076 651 1274 716 regenerare
1295 629 1455 714 dignatus
1478 647 1515 691 es

660 743 701 790 ex
717 720 803 808 aqud
820 724 855 783 et
870 719 997 802 Spiritu
1014 719 1145 794 Sancto,
1160 718 1310 801 tribuens
1322 717 1371 779 eis
1385 714 1516 779 remisi·

193 831 448 883 estasiasmeno,
661 828 758 872 onem
788 809 803 846 ¹>
828 810 1048 891 peccatorum,
1075 825 1273 888 quaesumus,
1298 802 1452 879 Domine,
1477 805 1517 867 ut

661 894 832 980 placeatur
846 892 1007 977 accipias;
1023 892 1167 974 diesque.

971 978 1204 1063 [Communia]

708 1065 877 1130 Paseacha
899 1071 1049 1130 nostrum
1067 1065 1257 1128 immolatus
1280 1067 1332 1128 est
1352 1060 1518 1138 Christus,

667 1150 813 1229 alleluia,
835 1152 948 1236 itaque
971 1151 1155 1236 epullemur
1179 1150 1214 1214 in
1236 1149 1359 1214 anemis
1382 1148 1520 1214 sinceri·

669 1239 750 1304 tatis
765 1243 800 1302 et
813 1238 976 1314 veritatis,
992 1237 1137 1314 alleluia,
1153 1236 1300 1301 alleluia.

713 1327 798 1390 Post
812 1327 1079 1389 commonionem.

203 1415 223 1457 'l
252 1412 335 1504 31b.
716 1411 910 1496 *Spiritum
927 1411 1033 1487 nobis,
1048 1409 1199 1486 Domine,
1214 1412 1279 1473 tuae
1299 1406 1451 1473 caritatis
1470 1408 1520 1472 in·

672 1497 828 1574 fundant
836 1518 919 1582 quos
929 1497 1143 1562 sacramentis
1152 1495 1367 1560 Paschalibus
1378 1495 1522 1574 satidsti,

675 1585 731 1651 tua
745 1583 850 1648 facias
864 1584 989 1667 pietate
1005 1583 1192 1648 concordes.
1236 1583 1301 1648 Per
1315 1581 1505 1647 Dominum.

231 1687 299 1726 What
313 1682 425 1724 lollowsis
434 1682 474 1721 not
485 1680 510 1720 in
518 1678 557 1739 tlte
570 1677 657 1717 Sarum.
717 1670 879 1736 Dominus
894 1671 1073 1735 vobiscum·

207 1738 226 1776 It
237 1735 387 1775 isaGelasian
396 1732 567 1780 andGregonan
578 1736 658 1776 prayer
909 1757 916 1771 ,
940 1756 946 1771 ,

206 1786 259 1826 used
271 1785 319 1825 “ad
328 1793 442 1833 vesperum
450 1784 461 1805 ''
474 1781 498 1819 in
510 1777 594 1819 several
607 1777 658 1817 800⁰·
718 1758 764 1822 Et
779 1779 852 1820 cum
869 1761 998 1842 spth.

205 1827 577 1885 ¹”m⁰¹¹‘²‘i⁶⁸⁵⁶·⁸·‘³“l¹'·⁹²b
720 1843 879 1919 Concede,
906 1863 1102 1925 quaesumus,
1130 1841 1337 1926 omnipotens
1359 1839 1463 1919 Deus,
1485 1845 1525 1907 ut

677 1930 734 2014 qui
762 1930 1014 1994 resurrectionis
1041 1928 1237 2013 sollempnia
1266 1926 1445 1993 Dominicae
1471 1948 1524 1992 co·

206 2047 218 2074 a
233 2033 374 2076 Gerberthas
383 2031 529 2073 anaamme.
675 2017 786 2092 limus,
799 2015 834 2079 in
848 2015 995 2081 novitate
1010 2014 1084 2080 *tui
1101 2014 1243 2099 Spiritus
1258 2018 1395 2080 amora
1406 2014 1525 2080 anima

675 2121 899 2189 resurgamus.
942 2103 1017 2168 Per.

828 2376 869 2424 IN
891 2373 955 2425 DIE
977 2376 1209 2427 asonnsxosls
1232 2375 1378 2427 DOMINI.

979 2532 1219 2617 [Antiphone]

721 2619 796 2685 Viri
823 2619 954 2698 Galilei,
978 2621 1057 2703 quid
1077 2620 1285 2685 admiramini
1309 2619 1529 2706 asspicientes

676 2708 710 2772 in
726 2706 842 2784 celum,
853 2706 1007 2773 alleluia:
1024 2707 1296 2791 quemadmodum
1311 2707 1443 2772 vidistis
1453 2728 1528 2772 eum

677 2794 909 2860 ascendentem
939 2794 974 2857 in
1007 2793 1114 2859 celum
1143 2794 1193 2859 ita
1225 2793 1346 2870 veniet,
1380 2792 1529 2872 alleluia,

677 2879 822 2956 alleluia,
838 2880 983 2945 alleluia.

232 2978 287 3039 rhu
301 2977 320 3019 u
335 2977 374 3018 the
388 2976 462 3017 Palm
478 2975 503 3016 in
519 2975 558 3016 the
573 2975 660 3034 Romae
728 2967 766 3030 V.
812 2966 933 3031 Omnes
947 2970 1076 3053 gentes,
1087 2966 1236 3052 plaudite
1250 2964 1403 3032 manibus
1418 2975 1452 3032 et
1465 2965 1528 3032 rel.

207 3029 309 3119 dldlcsrldnt
333 3029 391 3068 That
417 3027 441 3067 in
469 3027 507 3066 tho
535 3026 615 3066 Sarum
642 3035 661 3064 rs
725 3053 844 3117 Oratio

721 3137 881 3214 Concede,
904 3160 1100 3223 quaesumus,
1128 3140 1334 3225 omnipotens
1360 3138 1463 3216 Deus,
1490 3144 1530 3205 ut

678 3225 736 3310 qui
764 3224 923 3289 hodierna
957 3226 1010 3290 die
1045 3227 1250 3310 Ungeuitum
1275 3231 1370 3291 tuum
1399 3226 1530 3290 redem-

677 3317 785 3377 torem
800 3316 951 3376 nostrum
966 3313 1008 3376 ad
1017 3313 1107 3376 celos
1122 3313 1327 3378 asscendisse
1342 3313 1528 3390 credimus;

678 3398 743 3482 ipsi
767 3419 898 3482 quoque
927 3403 1037 3463 mente
1063 3399 1098 3462 in
1128 3399 1305 3465 celestibus
1329 3400 1529 3465 habitemus.

678 3485 744 3550 Per
757 3484 935 3549 Dominum
951 3490 1110 3550 nostrum.

759 3568 766 3575 '
810 3571 829 3608 ¹¹⁵
839 3572 961 3636 Lectio
976 3575 1126 3636 Aetnam
1142 3571 1395 3653 Apostolorum.

723 3656 869 3721 Primum
885 3660 1017 3742 quidem
1034 3679 1216 3722 sermonem
1231 3659 1295 3723 feei
1310 3659 1350 3722 de
1365 3659 1529 3738 omnstms,

679 3742 708 3808 Ο
723 3743 916 3827 Theophile,
927 3767 990 3830 que
1007 3744 1211 3830 coepitJesus
1226 3746 1335 3810 facere
1350 3751 1385 3810 et
1399 3745 1528 3824 doecre,

679 3850 785 3912 usque
810 3831 845 3891 in
869 3830 957 3895 diem
980 3832 1044 3917 qut
1068 3831 1260 3916 praecipiens
1285 3830 1447 3917 apostolis
1470 3854 1533 3919 per

680 3914 840 3998 Spiritum
856 3917 1011 3981 Sanctum
1027 3938 1111 4001 quos
1126 3918 1228 4002 elegit
1250 3923 1443 4003 assumptus
1465 3927 1531 4000 est,

678 4002 799 4085 quibus
810 4007 845 4066 et
853 4004 992 4086 praebuit
1002 4005 1147 4089 seipsum
1156 4005 1266 4068 vivum
1277 4006 1530 4091 postpasionem

679 4108 774 4152 suam
799 4089 834 4152 in
858 4090 973 4154 multis
995 4091 1200 4175 argumentis
1223 4091 1371 4176 perdica
1394 4100 1531 4177 quatra-

678 4174 765 4258 ginti
779 4196 943 4259 apparens
964 4176 1022 4254 eis,
1039 4181 1075 4240 et
1096 4176 1246 4261 loquiens
1267 4177 1308 4241 de
1329 4199 1434 4263 regno
1456 4179 1531 4245 Dei.

680 4260 726 4324 Et
740 4282 939 4326 convescens
955 4263 1109 4348 praecepit
1131 4263 1179 4327 eis
1195 4265 1237 4327 ab
1259 4264 1475 4331 Hirusolimis
1488 4289 1534 4332 ne

680 4346 895 4426 discederent,
927 4349 985 4414 sed
1014 4355 1246 4435 exspectarent
1280 4351 1534 4435 promissionem

680 4433 792 4498 Patris
818 4455 917 4518 quam
940 4436 1090 4512 audistis,
1112 4436 1229 4520 inquit,
1250 4457 1310 4522 per
1335 4439 1373 4503 ds
1399 4461 1533 4518 meum;

683 4519 762 4603 quia
786 4518 959 4587 Johannes
985 4522 1116 4607 quidem
1135 4523 1318 4610 baptizavit
1341 4527 1449 4611 aqud3
1473 4550 1535 4597 vos
