3158 5100
175 325 195 382 4
641 306 682 369 do
698 307 830 370 Sancto
848 307 1028 371 Trinitate.

176 479 197 520 *
227 501 306 552 roa.
776 479 904 542 *Misi
929 494 976 542 ou
1001 493 1140 542 sancra
1165 492 1373 543 ramirans.

207 575 261 615 This
283 577 301 616 is
322 576 361 615 the
381 575 430 615 tir-st
451 574 477 615 of
494 574 532 614 the
553 574 628 614 Missa

179 625 296 726 {Ztivaem
309 627 347 665 ⁰¹⁰
361 627 441 666 sm
453 624 546 675 'dmm‘
559 635 594 664 ⁸⁰⁶
607 635 628 673 Ρ·
689 649 869 713 Benedicta
884 650 929 714 sit
944 656 1059 714 sancta
1074 650 1220 715 Trinitas
1237 655 1338 735 atque
1354 651 1502 717 indivisa

646 735 769 812 unitas,
794 736 1021 800 confitebimur
1050 738 1081 801 ei
1111 737 1190 821 quia
1217 737 1297 802 fecit
1325 738 1502 804 nobiscum

646 822 904 887 misericordiam
921 844 1024 889 suam.

697 909 735 971 V.
780 909 1019 973 Benedicamus
1045 910 1178 974 Patrem
1205 916 1239 973 et
1268 910 1391 974 Filium
1422 933 1499 976 cum

204 1020 630 1082 raearsapaaeatasenauaa,
648 996 768 1060 Sancto
796 995 932 1081 Spiritu,
946 995 1129 1060 ¹laudemus
1152 1002 1186 1059 et
1209 997 1499 1082 superexaltemus

179 1073 252 1112 which
261 1071 280 1112 ie
289 1075 328 1112 not
336 1083 360 1112 1n
370 1073 408 1114 the
418 1073 504 1114 Serum.
646 1104 721 1147 eum
737 1083 771 1144 in
788 1080 917 1146 saecula·

690 1167 815 1233 Gloria.

693 1255 822 1319 Oratio.

692 1341 906 1426 Omnipotens
936 1340 1135 1424 sempiterne
1164 1342 1266 1418 Deus,
1294 1342 1352 1425 qui
1375 1340 1499 1407 dedisti

646 1426 781 1491 famulis
795 1427 863 1491 tuis
878 1428 912 1489 in
935 1428 1139 1492 confessione
1161 1449 1245 1491 verae
1267 1428 1345 1492 fidei
1367 1433 1498 1493 aeterna

648 1513 823 1577 Trinitatis
845 1513 986 1597 gloriam
1013 1535 1202 1599 agnoscere,
1225 1520 1259 1577 et
1285 1514 1319 1576 in
1346 1515 1498 1598 potentit

212 1620 259 1659 rae
276 1621 336 1660 wora
352 1621 439 1662 “tua'’
458 1620 477 1660 a
494 1622 534 1660 not
550 1619 574 1659 a
591 1620 629 1659 aa
647 1600 834 1684 majestatis
856 1606 921 1663 tuae
940 1599 1077 1664 adorare
1092 1601 1274 1677 unitatem;
1299 1621 1501 1686 quaesumus,

180 1670 630 1780 §aaraarseraggaatssaab
646 1693 685 1750 ut
699 1686 846 1770 ejusdem
861 1686 937 1748 arei
959 1687 1116 1752 amitae
1135 1687 1344 1752 stomacus
1367 1706 1501 1773 semper

180 1770 433 1859 ffippgppppapppna
446 1774 469 1811 ω
484 1769 522 1810 ‘¹¹⁰
535 1770 631 1820 smmi
647 1774 834 1837 muniamur
849 1772 1008 1836 adversis.
1054 1775 1118 1838 Per
1132 1773 1320 1837 Dominum.

180 1877 197 1911 i*
226 1872 307 1943 Mb·
464 1908 467 1914 .
692 1862 785 1922 *Ad
803 1860 987 1922 Corduleot.

690 1947 837 2020 Fratres,
854 1945 969 2009 Gratia
986 1944 1116 2008 Domini
1135 1944 1242 2008 nostri
1264 1943 1286 2008 J
1288 1965 1346 2007 esu
1370 1942 1498 2011 Christi

648 2038 682 2097 et
697 2033 819 2097 caritas
834 2031 897 2095 Dei
913 2038 948 2095 et
962 2031 1212 2109 communicatio
1226 2031 1338 2094 Sancti
1355 2031 1500 2116 Spiritirs
1522 2052 1524 2059 ’

648 2120 692 2183 sit
707 2139 839 2202 semper
854 2138 926 2181 cum
942 2118 1092 2180 omnibus
1108 2117 1211 2192 vobis,
1224 2117 1258 2179 in
1268 2116 1401 2183 christo
1417 2119 1438 2182 J
1440 2140 1501 2182 esu

647 2205 788 2269 Domino
803 2209 926 2268 nostro.

975 2289 1168 2367 [Gradata]

691 2376 889 2441 Benedictus
905 2397 951 2452 es,
968 2374 1119 2451 Domine,
1135 2375 1193 2460 qui
1213 2374 1353 2439 intueris
1376 2378 1499 2460 abysos

709 2463 803 2528 sedes
831 2483 930 2546 super
958 2462 1125 2546 hiruphin.
1171 2462 1360 2526 Benedicite
1390 2461 1500 2528 Deum

179 2561 293 2620 eperunt,
308 2562 379 2601 aaa
393 2564 464 2622 stowe
480 2562 530 2601 that
542 2561 628 2619 attha
648 2550 732 2626 coeii,
745 2551 824 2634 quia
838 2549 917 2613 fecit
934 2549 1103 2613 nobiscum
1119 2548 1377 2613 misericordiam
1393 2570 1500 2626 suam,

179 2616 232 2649 timo
241 2612 260 2650 it
269 2622 313 2650 was
322 2611 394 2660 begun
403 2623 426 2651 rn
436 2611 473 2652 tho
480 2612 543 2652 Wast
552 2611 606 2650 with
615 2620 629 2648 a
750 2639 756 2650 .

179 2664 255 2711 strong
263 2662 370 2711 guttural.
645 2637 791 2702 alleluia.

695 2725 733 2786 V.
764 2722 962 2786 Benedictus
989 2743 1034 2797 es,
1069 2720 1208 2785 Domine
1243 2719 1342 2802 Deus
1364 2726 1499 2804 patrum

644 2816 843 2885 nostrorum,
854 2813 889 2872 et
903 2807 1080 2872 laudabilis
1096 2814 1131 2872 et
1145 2807 1308 2892 gloriosus
1320 2807 1354 2869 in
1370 2808 1500 2872 saecula.

687 2897 878 2959 Secundam
894 2896 1093 2958 Jotonnem.

689 2983 729 3045 In
745 2980 803 3044 illo
819 2988 976 3064 tempore,
993 2982 1079 3045 dixit
1096 2981 1118 3045 J
1120 3000 1197 3043 esus
1219 2978 1390 3062 discipulis
1407 2981 1478 3045 uis
1492 3005 1501 3058 ;

646 3068 721 3133 edm
736 3067 866 3130 venerit
880 3067 1066 3131 Paraclitus
1076 3088 1172 3151 quem
1183 3087 1245 3150 ego
1256 3066 1387 3130 mittam
1403 3069 1500 3132 vobis

647 3163 666 3219 a
705 3155 815 3228 Patre,
855 3154 1013 3237 Spiritum
1050 3152 1211 3228 veritatis,
1250 3151 1307 3234 qui
1343 3159 1361 3216 a
1397 3153 1500 3218 Patra

646 3241 803 3325 procedit,
820 3239 877 3303 ille
891 3240 1116 3304 testimonium
1129 3239 1314 3322 perhibebit
1329 3237 1369 3301 de
1385 3260 1449 3316 me,
1465 3247 1502 3304 et

646 3347 707 3391 vos
733 3326 958 3390 testimonium
985 3325 1211 3411 perhibebitis,
1233 3325 1310 3408 quia
1335 3327 1378 3388 ab
1403 3326 1500 3390 initio

182 3427 203 3469 θ
233 3446 252 3495 2
256 3447 311 3516 32,
647 3435 775 3477 mecum
792 3417 810 3449 '¹‘
826 3413 907 3476 estis
922 3435 930 3488 ;
946 3414 1014 3476 haec
1027 3413 1157 3476 locutus
1182 3433 1255 3474 sum
1271 3411 1363 3474 vobis
1379 3420 1500 3477 utnon

649 3499 934 3574 scandalizemini;
959 3500 1083 3582 absque
1097 3498 1265 3582 sinagogis
1281 3497 1404 3561 facient
1419 3520 1501 3577 vos;

205 3609 252 3648 rae
261 3606 392 3668 saumana
401 3606 631 3668 impraesumpta
649 3586 706 3651 sed
723 3587 834 3650 veniet
848 3586 931 3650 hora
946 3591 984 3649 ut
999 3585 1106 3649 omnis
1129 3585 1186 3668 qui
1208 3584 1413 3648 interfecerit
1429 3607 1499 3664 vos,

179 3657 632 3797 {Epgssfssgffiffffiiffhssfflffffg
649 3673 831 3772 arbitretur
857 3673 1050 3773 obsequium
1079 3693 1113 3735 se
1143 3676 1301 3755 praestare
1327 3668 1410 3734 Deo.
1455 3672 1501 3736 Et

180 3768 489 3855 Γὶῑῑωθῶςξθζζνήηῖἳοωιζξὲ
554 3769 583 3798 ⁸⁸¹
609 3767 631 3796 ⁰·
648 3762 717 3823 haec
730 3760 855 3823 sacrent
877 3761 971 3822 vobis
992 3779 1071 3842 quia
1091 3779 1157 3820 non
1180 3761 1344 3855 noverunt
1365 3757 1501 3822 Patrem

205 3855 624 3898 ⁸¹t¹¹³⁸h0ffldbraddedasterloeutua
647 3867 754 3929 neque
784 3867 858 3920 me;
898 3846 955 3909 sed
981 3846 1048 3908 haec
1074 3843 1205 3907 locutus
1234 3843 1328 3905 vobis
1356 3848 1395 3906 ut
1425 3843 1500 3907 cdm

648 3933 780 3995 venerit
791 3933 875 3995 bora
887 3952 1000 3995 eorum
1015 3927 1319 4013 reminiscami[ni]:
1343 3930 1422 4012 quia
1437 3952 1501 4016 ego

649 4018 717 4082 dixi
734 4018 837 4081 vobis.

697 4105 919 4186 offertorium.

694 4191 892 4254 benedictus
919 4190 965 4254 sit
986 4189 1077 4253 Deus
1099 4189 1208 4264 Pater,
1232 4185 1503 4271 Unigenitusque

650 4276 714 4340 Dei
729 4277 845 4352 Filius,
863 4277 1003 4341 Sanctus
1019 4296 1147 4359 quoque
1166 4273 1308 4358 Spiritus
1327 4274 1406 4357 quia
1423 4275 1506 4340 fecit

652 4363 822 4427 nobiscum
837 4363 1095 4426 misericordiam
1111 4382 1214 4425 suam.

698 4451 878 4513 Secretam.

207 4555 273 4594 aaa
282 4555 350 4604 neus,
357 4556 396 4594 ue
405 4555 485 4595 sarum
494 4553 549 4593 acus
562 4553 635 4593 runa
700 4535 884 4611 Sanctifica,
898 4556 1093 4619 quaesumus,
1106 4534 1245 4597 Domine
1260 4531 1362 4608 Deus,
1377 4555 1439 4620 per
1455 4535 1505 4598 tui

212 2512 307 2552 Observa
319 2512 357 2552 the
369 2512 464 2561 spelling
477 2511 502 2551 of
517 2511 554 2550 the
569 2509 630 2549 word
647 2469 682 2528 ed
