3158 5100
691 335 816 384 INDEX.

511 595 1002 688 cunuunus,ee

181 762 280 816 Beatus
293 761 334 816 vir
347 762 394 830 qui
407 761 486 814 timet
499 761 620 828 Dum,.in
633 760 768 814 mundetis
780 759 840 831 ejus
851 759 926 831 cupit
939 759 1021 813 nimis
1101 790 1112 801 ·
1220 791 1229 800 -
1303 776 1335 825 5²

287 849 387 903 Potens
398 849 428 902 in
442 847 603 903 terre—Iste
615 853 721 902 sanctas
733 848 814 919 digne

180 937 326 992 Benedicta
338 943 365 991 et
377 937 536 991 venerabili
548 953 576 990 es
588 936 662 1006 virgo
675 935 764 990 Maria
776 953 839 1006 ques
851 935 910 989 sine
922 938 997 989 tectu
1009 934 1120 1005 pudoris
1221 965 1230 976 -
1323 952 1337 999 7

286 1021 370 1090 Virgo
383 1021 431 1074 Dei
445 1019 669 1090 genetrix—Post
686 1019 884 1092 partum—Per
897 1025 931 1088 te,
945 1018 1108 1073 Dei-Felix
1120 1036 1194 1073 sucre
1206 1036 1233 1071 es

180 1110 342 1164 Benedictus
355 1128 389 1177 es,
406 1109 482 1173 Due,
495 1110 544 1180 qui
555 1109 670 1162 intueris
681 1109 776 1181 abysos
787 1123 815 1163 et
827 1108 901 1163 sedes
913 1125 994 1180 super
1005 1107 1137 1179 hiruphin
1220 1138 1229 1146 -
1321 1128 1340 1172 4

287 1197 450 1250 Benedictus
462 1214 497 1264 es,
511 1196 578 1251 Dne.
594 1196 625 1249 D.
640 1201 747 1267 patrum
761 1202 912 1250 nostrorum
1211 1192 1218 1204 '

181 1285 335 1339 Benedicite
349 1286 429 1339 Dum.
443 1302 535 1339 omnes
547 1284 637 1356 angeli
649 1285 709 1355 ejus
720 1290 842 1356 potentes
854 1285 954 1338 virtute
966 1283 1014 1353 qui
1025 1281 1114 1337 fecitis
1221 1313 1231 1322 ·
1323 1300 1337 1347 9

285 1373 402 1428 Benedie
414 1373 506 1427 anime
520 1371 779 1426 mea-Concussum
794 1378 834 1426 est
846 1387 920 1425 merc

181 1461 305 1514 Christus
316 1461 403 1515 fuctus
415 1466 456 1515 est
468 1477 516 1530 pro
528 1460 605 1514 nobis
616 1460 763 1514 obaudiens
776 1459 853 1514 Petri
866 1475 950 1529 usque
962 1457 997 1512 ed
1011 1462 1123 1512 mortem
1221 1485 1231 1498 ·
1324 1461 1338 1507 6

289 1547 532 1601 Alleluia—Dulce
539 1545 739 1618 lignum-Nos
746 1554 835 1605 autem
846 1545 1080 1616 gloriari-Dicite
1089 1543 1118 1597 in
1128 1544 1254 1615 gentibus

182 1638 293 1691 Defussa
305 1643 345 1689 est
357 1635 444 1707 gratie
456 1634 486 1687 in
498 1633 577 1689 labiis
589 1635 644 1689 tuis
656 1651 737 1705 usquc
748 1633 777 1687 in
791 1639 924 1688 ueternum
985 1663 995 1672 -
1103 1662 1113 1672 ·
1222 1661 1231 1672 -
1305 1648 1336 1697 75

288 1724 401 1795 Propter
413 1723 554 1777 veritatem

182 1813 257 1881 Due,
271 1811 425 1882 praevenisti
439 1828 501 1865 eum
514 1811 543 1862 in
557 1808 788 1864 benedictionibus
799 1807 958 1877 dulcedinis,
974 1806 1086 1879 posuisti
1099 1807 1127 1859 in
1141 1807 1229 1877 capite
1309 1810 1339 1871 65

287 1899 380 1952 Vitem
394 1897 622 1970 petiit-«Iuravit
634 1898 699 1950 Dus.

145 2058 148 2065 Ι
181 1986 450 2042 Exultebuntsencti
463 1987 491 2040 iu
505 1986 591 2057 glorie
603 1986 772 2041 testabuntur
785 1985 814 2037 in
826 1983 961 2039 cubilibus
974 1982 1029 2037 suis
1105 2013 1115 2024 ·
1222 2012 1232 2023 ·

289 2075 403 2129 (iactate
416 2074 647 2128 Duo-Mirabilis
659 2074 731 2128 Deus

183 2162 276 2217 Glorid
288 2174 315 2217 et
328 2162 427 2216 honore
439 2161 572 2217 coroudsti
584 2179 654 2230 eum,
668 2160 744 2230 Due,
759 2166 788 2215 et
800 2159 965 2215 constituisti
979 2176 1041 2212 eum
1054 2175 1135 2229 super
1147 2174 1226 2230 opera

183 2252 320 2306 Gloriosus
333 2251 364 2304 D.
379 2251 409 2303 in
421 2251 527 2318 sanetis,
541 2251 674 2306 mirabilis
686 2250 716 2303 in
729 2249 879 2320 meJeetste,
892 2248 992 2302 faciens
1004 2247 1125 2317 prodigia
1225 2277 1235 2287 ·

290 2340 391 2393 Dextra
404 2344 459 2405 tua,
474 2338 670 2392 Due-Sancti
684 2338 733 2406 tui,
748 2337 815 2391 Due.

187 2426 253 2482 Heec
265 2435 305 2480 cst
317 2427 375 2480 dies
386 2442 467 2495 quum
481 2423 543 2478 fecit
557 2424 621 2480 Dns.
634 2441 716 2495 oeque
728 2425 802 2477 inea
871 2453 880 2463 ·
988 2452 998 2463 ·
1106 2453 1124 2489 -Ὶ

290 2511 464 2568 confitemini
477 2511 546 2564 Dno.
560 2511 689 2581 quoniam
701 2508 926 2567 bonus-Pascha
936 2513 1057 2562 nostrum

185 2601 243 2656 Hec
256 2607 295 2656 est
308 2602 382 2670 virgo
394 2601 500 2672 sapiens
512 2616 594 2669 quum
607 2598 672 2652 uns.
686 2598 845 2670 vigilantem
860 2597 974 2659 invenit,
988 2595 1097 2650 alleluiu

290 2689 369 2757 Veni,
382 2704 478 2760 sponsa
491 2686 704 2756 Christi—Veni,
719 2686 803 2741 electu
817 2702 876 2739 meu

184 2777 218 2830 In
232 2794 339 2831 omnem
352 2784 450 2830 terrum
464 2776 549 2830 exivit
563 2792 644 2828 sonus
656 2792 749 2828 corum
764 2773 831 2829 etin
846 2773 916 2826 fines
929 2772 1002 2826 orbis
1014 2777 1093 2826 terres
1105 2773 1186 2826 verbu
1229 2804 1238 2813 -

289 2865 346 2918 Geli
359 2872 489 2918 enarrant
501 2862 615 2934 gloriam
628 2861 778 2916 Dei-Non
789 2878 836 2916 vos
848 2877 891 2914 me
904 2859 1020 2930 elegistis

184 2953 203 3005 J
207 2952 295 3006 urevit
308 2953 372 3006 Dus.
386 2959 414 3006 et
426 2968 481 3004 non
495 2951 633 3022 penetebit
645 2968 706 3005 eum
721 2967 803 3020 oeque
816 2947 1010 3003 Melchisedech
1109 2980 1119 2988 -

290 3041 368 3094 Dixit
380 3039 445 3093 Ilus.
460 3040 528 3093 Duo.
542 3039 751 3093 meo-Amavit
763 3055 825 3091 eum
840 3037 906 3090 Dns.

184 3129 204 3181 J
206 3129 295 3184 uravit
308 3129 372 3182 Dns.
386 3133 414 3182 et
426 3144 480 3181 uon
495 3126 631 3197 pouetebit
643 3144 714 3194 eum,
729 3142 813 3196 oeque
824 3123 1019 3179 Melchisedech
1110 3155 1119 3164 -

291 3216 368 3269 Dixit
381 3217 446 3269 Dus.
462 3215 522 3267 Dno
536 3213 737 3268 meo-Stetuit
750 3214 814 3267 Dus.
829 3214 905 3266 besto
917 3210 952 3265 N.

185 3309 202 3360 .J
208 3314 328 3361 ustorum
340 3307 440 3362 enimes
452 3307 481 3360 in
496 3324 580 3360 manu
592 3305 641 3361 Dei
653 3311 718 3360 sunt
730 3312 758 3360 et
771 3323 826 3359 non
841 3312 935 3375 turget
946 3303 1008 3358 illos
1020 3311 1186 3360 tormentum
1228 3337 1238 3348 ·

184 3399 325 3452 «Iustorum
340 3397 440 3450 auimae
454 3397 484 3448 in
497 3413 580 3449 manu
595 3395 643 3449 Dei
657 3401 729 3464 sunt,
743 3401 770 3449 et
784 3411 838 3448 non
853 3400 947 3464 tanget
958 3392 1020 3448 illos
1032 3401 1197 3449 tormentum
1229 3427 1238 3438 -

290 3484 349 3537 Visi
363 3490 427 3536 sunt
439 3482 680 3537 oculis—Gaudete
690 3482 920 3554 justi-Vindice,
934 3480 1012 3543 Due,
1025 3482 1183 3552 sanguinem

185 3574 205 3628 ,J
208 3581 283 3628 ustus
295 3590 348 3626 non
364 3571 569 3626 conturbabitur
581 3571 648 3641 quie
661 3570 727 3628 Ilus.
740 3572 831 3624 firmet
844 3587 954 3624 menum
968 3570 1027 3640 ejus
1110 3601 1120 3612 ·

292 3660 404 3714 Jurebit
418 3660 482 3712 Dus.

185 3749 204 3802 J
207 3755 283 3803 ustus
297 3755 327 3802 ut
339 3748 431 3820 pelme
443 3745 556 3814 florebit,
569 3752 602 3800 ut
613 3747 708 3801 cedrus
720 3744 820 3801 Libani
833 3745 1061 3801 multiblicubitur
1072 3746 1102 3800 in
1116 3747 1197 3801 domu
1229 3779 1239 3790 ·

292 3837 337 3890 Ad
352 3835 536 3890 nuntiandum
550 3853 630 3890 mene

184 3925 221 3978 Os
232 3924 300 3996 justi
313 3923 489 3978 meditabitur
500 3923 659 3994 sapientiem
674 3928 701 3977 et
714 3922 811 3993 lingue
824 3922 884 3992 ejus
897 3923 1023 3992 loquetur
1031 3921 1165 3993 judicium
1229 3955 1239 3966 -

293 4012 349 4065 Lex
362 4012 411 4066 Dei
425 4011 484 4082 ejus
496 4013 524 4064 in
536 4012 763 4066 corde—Amavit
775 4029 836 4066 eum
850 4011 915 4064 Dns.

186 4102 339 4156 Posuerunt
352 4100 476 4154 mortalia
487 4117 625 4154 servorum
640 4109 748 4156 tuorum
761 4089 832 4154 escas
845 4099 1001 4156 volutilibus
1012 4100 1062 4155 celi
1108 4133 1118 4144 -

293 4189 501 4243 Confitebuntur
512 4189 562 4242 celi

187 4277 310 4345 Posuisti,
325 4277 402 4339 Due,
416 4292 496 4347 super
507 4283 590 4348 ceput
602 4276 661 4347 ejus
673 4294 797 4332 coronam
811 4278 844 4331 de
857 4276 947 4348 lupide
959 4278 1073 4348 pretioso
1109 4309 1119 4320 ·
1227 4311 1237 4321 ·

293 4366 462 4419 Desiderium
475 4365 764 4420 animes—Leetcbitur
778 4366 867 4436 justus

187 4453 300 4525 Propter
313 4455 453 4508 veritatem
467 4458 495 4507 et
507 4454 743 4508 mansuetudinem
757 4461 784 4508 et
793 4453 861 4524 justi
867 4454 931 4507 tium
945 4459 973 4508 ot
984 4453 1097 4509 deducet

292 4542 376 4609 Audi,
389 4541 454 4609 iilia,
468 4547 495 4593 et
507 4541 569 4594 vide
