3158 5100
585 991 946 1094 INDEX.

643 1335 871 1366 ....-.0-...-

285 1471 448 1527 Exoremus
465 1473 549 1544 Sama,
569 1473 623 1545 dnn,
673 1506 682 1515 ·
791 1506 800 1515 -
909 1506 917 1516 ·
1026 1507 1035 1516 ·
1109 1476 1181 1546 Pago
1215 1495 1225 1528 ι

286 1577 381 1632 cinon
398 1578 496 1649 Mraam,
556 1610 1037 1622 -----
1132 1623 1147 1650 ‚,
1199 1599 1228 1645 ¹9

286 1683 434 1738 Orarronrs
452 1685 584 1756 Diversa,
598 1683 653 1755 duc,
792 1715 801 1726 ·
886 1713 919 1727 >·
1028 1716 1037 1726 ·
1130 1727 1146 1756 ‚‚
1197 1702 1227 1749 90

643 1859 874 1889 ΠΟ...-

562 2135 957 2212 ANTIPHONS.

180 2353 333 2410 Benedicite
345 2353 425 2408 Dum.
439 2369 531 2408 omnes
542 2352 632 2424 angeli
645 2352 704 2424 ejus
716 2358 839 2425 potentes
852 2354 993 2408 virtute·
1103 2385 1111 2395 ·
1221 2385 1230 2396 -

180 2443 325 2499 Benedicta
337 2444 373 2496 sit
385 2443 411 2497 S.
426 2441 545 2496 Trinitas
557 2447 639 2512 atque
653 2441 769 2496 indivisa
782 2443 874 2498 unitas
984 2475 994 2486 ·
1103 2474 1112 2483 ·
1222 2475 1231 2484 -

286 2531 482 2586 Benedicamus
494 2529 524 2585 P.
538 2537 566 2585 et
579 2529 608 2583 F.
623 2547 684 2584 oum
698 2529 882 2587 S.S.—Gloria

179 2618 369 2674 Clamaverunt
378 2618 448 2690 justi
460 2624 487 2672 et
500 2618 564 2672 Dus.
579 2617 718 2672 exaudivit
730 2635 774 2673 eos
786 2626 813 2674 et
825 2636 857 2673 ex
870 2619 997 2675 omuibus
1011 2619 1231 2675 tribulationibus

285 2706 447 2762 Benedioam

180 2793 237 2866 ligo
249 2800 339 2849 autem
352 2795 422 2849 sicut
433 2793 505 2848 oliva
516 2792 655 2848 fructifera
667 2794 696 2847 in
710 2793 791 2847 domu
804 2793 875 2865 Dni,
890 2794 996 2866 speravi
1104 2825 1113 2836 ·

287 2879 358 2946 Quid
370 2880 493 2951 gloriaris
505 2881 534 2933 in
548 2879 657 2934 molitiei

181 2969 353 3025 Gaudeamus
364 2985 457 3024 omnes
469 2968 499 3022 in
512 2967 591 3031 Duo,
605 2967 676 3023 diem
689 2966 787 3022 festum
801 2968 965 3024 celebrantes
976 2969 1026 3025 sub
1038 2969 1138 3025 honore
1150 2969 1184 3025 N.
1221 3001 1230 3011 ·

288 3056 429 3111 Eructavit

181 3145 270 3201 Intret
282 3146 311 3200 in
324 3152 467 3218 conspectu
480 3149 537 3207 tuo,
551 3143 628 3212 Due,
642 3144 760 3216 gemitus
771 3145 991 3218 compeditorum,
1005 3146 1086 3202 redde
1098 3146 1194 3202 vicinis
1221 3177 1230 3188 ·

287 3233 319 3289 D.
329 3237 462 3290 venerunt
473 3231 845 3304 gentes-Gloria-Oremus
1162 3220 1165 3225 ⁴

180 3321 269 3378 intret
280 3321 310 3375 in
323 3328 467 3394 conspectu
480 3329 536 3384 tuo,
550 3319 625 3391 Due,
640 3322 758 3392 gemitus
770 3321 989 3394 compeditorum,
1003 3323 1084 3379 redde
1096 3323 1194 3381 meinis
1221 3357 1231 3371 ·

287 3410 319 3464 D.
333 3415 466 3467 venerunt

180 3495 216 3551 ln
229 3498 329 3552 virtute
343 3496 399 3567 tud,
414 3496 489 3566 Due,
503 3495 642 3551 laetabitur
654 3513 701 3551 rex
714 3502 741 3552 et
753 3514 833 3570 super
844 3497 962 3552 salutare
974 3504 1054 3552 tuum
1103 3530 1112 3541 -

287 3586 353 3641 Due.
368 3584 397 3638 in
409 3585 511 3640 virtute
523 3581 572 3637 tut

177 3672 197 3726 J
200 3679 275 3728 ustus
288 3680 320 3729 ut
331 3672 422 3745 palma
434 3671 547 3738 florebit,
561 3669 631 3724 sicut
642 3671 737 3726 cedrus
749 3670 847 3726 Libani
860 3670 1088 3744 multiplicabitur
1103 3704 1113 3715 ·

286 3761 392 3816 Βοηιιιη
406 3766 447 3815 est
459 3759 581 3815 confiteri

180 3847 332 3904 Laetabitur
339 3848 432 3919 justus
445 3848 474 3901 in
488 3846 556 3919 Duo,
571 3856 599 3904 et
611 3847 729 3920 speravit
741 3846 770 3900 in
784 3864 814 3902 ec
827 3853 855 3901 et
866 3845 1053 3902 laudabuntur
1064 3838 1156 3904 omnes
1220 3879 1229 3890 ·

285 3935 391 3990 Exaudi
405 3934 436 3989 Ι).
451 3935 598 3991 orationem

180 4024 320 4098 Loquebar
332 4026 361 4078 in
374 4025 526 4080 testimonis
538 4026 592 4082 tuis
604 4027 632 4080 in
647 4030 789 4098 conspeetu
801 4041 895 4097 regum
909 4030 937 4080 et
948 4041 1002 4079 non
1015 4023 1198 4082 confundebar
1220 4056 1229 4069 ·

286 4113 363 4168 Beati
378 4113 545 4169 immaculati

180 4199 252 4255 Mihi
264 4207 355 4256 autem
368 4201 450 4255 nimis
462 4200 586 4258 honorati
600 4208 665 4258 sunt
677 4201 758 4256 amici
770 4199 819 4271 tui,
833 4200 866 4255 D.

284 4288 351 4342 Due.
366 4285 487 4359 probitati

177 4372 275 4432 Multae
288 4374 477 4431 tribulationes
485 4375 623 4446 justorum
637 4384 665 4432 et
677 4375 710 4431 de
723 4375 849 4430 omnibus
861 4373 904 4432 his
917 4374 1040 4432 liberavit
1052 4393 1096 4432 eos
1108 4376 1172 4432 llus.
1221 4408 1230 4419 -

284 4461 446 4518 Benedicam
460 4462 541 4518 Dnm.

313 4555 351 4614 ¹4

1304 2635 1335 2686 57

1221 2781 1333 2860 ,p

1304 2989 1335 3037 7³

1303 3155 1337 3215 46

1305 3333 1336 3394 5⁶

1221 3520 1336 3569 ·so

1221 3695 1336 3746 ·49
