3158 5100
642 295 861 376 precationes
875 295 992 360 uomoe.

604 466 606 473 ’
667 467 753 532 Post
767 466 1038 532 communionem.

669 553 750 641 Haec
773 573 835 616 nos
857 552 1056 630 communio,
1071 549 1222 632 Domine,
1238 557 1362 640 purget
1383 561 1402 621 a
1428 554 1491 618 cri·

624 639 724 717 mine,
758 644 793 703 et
815 639 1070 704 intercedente.
1086 639 1185 705 beati
1211 639 1285 706 Dei
1317 641 1489 727 genetrice

625 727 736 880 placit
760 724 895 792 celestis
917 725 1058 791 remedii.
1077 726 1182 793 faciat
1207 747 1282 794 esse
1305 733 1489 796 consortes.

655 833 702 879 er.
1255 851 1257 863 ι

671 985 690 1024 ⁴*
703 983 928 1068 Deprecemur
942 983 1050 1050 Deum
1070 985 1208 1051 Patrem
1223 985 1485 1072 omnipotentem

627 1078 662 1138 et
690 1072 815 1137 Filium
844 1078 881 1137 et
910 1072 1071 1157 Spiritum
1100 1072 1261 1145 Sanctum
1290 1095 1352 1158 per
1381 1075 1484 1140 inter·

626 1158 810 1224 cessionem
844 1164 965 1223 sanctae
994 1158 1116 1224 -Mariae
1146 1158 1223 1226 Dei
1242 1161 1418 1244 genitricis
1451 1167 1487 1227 et

625 1257 745 1311 novem
757 1245 908 1309 ordinum
924 1243 1097 1310 celestium
1109 1246 1272 1311 virtutum
1289 1252 1324 1312 et
1335 1247 1483 1313 omnium

625 1338 815 1398 sanctorum
820 1330 898 1409 Dei3
911 1332 1072 1415 quatinus
1081 1333 1485 1400 misereaturmisereatur

623 1418 740 1495 nostri,
757 1423 793 1483 et
814 1418 947 1482 dimitat
960 1419 1058 1483 nobis
1081 1420 1344 1503 omniaipeccata
1365 1425 1485 1486 nostra

623 1525 818 1591 quecunque
841 1505 1054 1589 cogitatione,
1078 1504 1256 1582 locutione,
1278 1507 1484 1590 operatione,

623 1593 800 1657 adversum
829 1596 987 1676 precepta
1013 1591 1119 1677 ipsius
1148 1591 1351 1678 peregimus,
1378 1599 1416 1658 et
1444 1599 1485 1659 ut

623 1683 705 1763 quot
726 1678 761 1741 in
782 1679 846 1741 hac
868 1677 1029 1742 orationis
1051 1676 1148 1742 domo
1168 1677 1223 1741 vel
1246 1678 1369 1763 ubique
1392 1680 1484 1745 intra

150 1780 294 1842 umnans
301 1782 415 1842 nermo„
433 1780 456 1822 1t
463 1781 566 1842 followed
574 1779 603 1831 lu
623 1767 745 1829 sanctae
760 1762 914 1828 acclesiae
930 1763 1093 1848 gremium
1114 1764 1150 1827 in
1171 1764 1238 1828 una
1262 1765 1356 1842 fide,ab
1371 1787 1431 1852 spe
1446 1772 1482 1832 et

151 1831 605 1922 pppcgoiqqpppnqqqufflgpeapqpilipp,
622 1850 809 1927 dilectione,
825 1849 867 1914 ad
880 1850 1162 1919 ,communicanda
1184 1850 1282 1928 hodic
1304 1856 1340 1916 et
1361 1853 1483 1918 cotidie

150 1929 605 2021 lllss,tlffi2,2l⁰tt,{l,ssllffi{mm
623 1942 832 2003 sacramenta
857 1937 934 2002 fidei
956 1937 1168 2002 convenimus
1196 1938 1353 2023 consequi
1374 1959 1482 2004 mere·

150 2009 605 2116 {wimodatlha0¹¹<¹⁰f¹i⁰101>fflrr
622 2046 719 2090 amur
747 2024 790 2089 ab
819 2044 869 2101 co,
896 2023 952 2107 qui
982 2027 1045 2101 est,
1073 2024 1138 2101 via,
1169 2023 1306 2101 veritas,
1334 2029 1370 2090 et
1398 2025 1479 2102 vita,

168 2077 233 2119 em
244 2077 402 2130 mmm*
622 2109 879 2197 prosperitatem
894 2111 970 2174 vitae
989 2111 1174 2194 proesentis,
1187 2097 1370 2186 'sanitatem
1390 2132 1481 2175 men·

622 2198 668 2264 tis
683 2204 719 2263 et
732 2196 889 2281 corporis,
905 2201 940 2262 et
954 2196 1183 2280 remissionem
1189 2242 1193 2272 3
1199 2195 1347 2272 omnium
1361 2219 1479 2283 pecca-

622 2291 733 2351 torum
762 2282 797 2347 in
824 2283 886 2349 hoc
912 2281 1043 2360 sacculo,
1059 2287 1104 2365 ,et
1133 2283 1247 2363 vitam
1264 2290 1418 2351 eternam
1444 2285 1479 2349 in

622 2371 748 2440 fultum«,
805 2410 828 2435 Ἣ
867 2435 873 2439 ..
934 2424 949 2434 ··
992 2416 1027 2434 ”
1099 2416 1122 2448 .“
1184 2421 1213 2452 tssr
1245 2386 1274 2448 ill

665 2458 767 2523 Pater
780 2459 906 2522 noster.
953 2455 960 2461 ’
1006 2469 1008 2472 ’

627 2620 628 2623 ¹
664 2543 711 2610 Et
724 2563 767 2607 ne
782 2563 854 2607 nos.

663 2628 876 2713 Adjutorium
891 2630 1042 2693 nostrum
1057 2625 1105 2708 [in
1121 2627 1253 2694 nomine
1268 2626 1429 2720 Domini]

663 2715 726 2801 Qui
743 2715 836 2796 [fecit
851 2714 968 2786 coelum
983 2720 1021 2787 et.
1031 2720 1202 2803 terrarii„
1226 2790 1229 2794 A

626 2864 628 2867 .
664 2803 717 2868 Sit
730 2823 850 2869 nomen
866 2802 1013 2881 [Domini
1028 2803 1263 2879 benedictum]

664 2889 717 2954 Ex
732 2888 807 2968 [hoc
821 2909 908 2951 nunc
924 2893 959 2953 et
973 2908 1078 2971 usque
1093 2889 1127 2951 in
1144 2887 1325 2974 saeculum]

666 2976 684 3012 *⁶
701 2975 846 3040 Ostende
862 2974 968 3053 nobis,
982 2973 1123 3039 Domine
1140 2973 1301 3054 [salutare
1317 2979 1439 3063 tuum]

665 3061 804 3139 Exaudi,
821 3061 986 3142 [Dominc,
1002 3061 1186 3127 orationem
1201 3067 1377 3149 nostram]

667 3150 799 3214 Oratio.

664 3234 767 3313 Deus,
782 3232 949 3318 refugium
964 3236 1116 3298 nostrum
1131 3243 1163 3297 et
1179 3231 1300 3298 virtus.

680 3322 744 3385 Pro
777 3321 863 3404 papia
894 3324 1021 3396 nostro,
1052 3327 1087 3384 et
1117 3340 1177 3403 pro
1207 3319 1411 3404 patriarchis
1443 3325 1480 3387 et

622 3408 835 3493 pontificibus
851 3410 885 3471 et
906 3405 1072 3483 abatibus,
1088 3411 1188 3490 atque
1204 3408 1333 3470 cunctis
1356 3413 1480 3472 sancta

622 3494 741 3560 matris
756 3492 910 3559 aecclesiae
921 3493 1103 3567 ordinibus,
1115 3514 1175 3557 nec
1190 3515 1255 3556 non
1269 3514 1329 3577 pro
1344 3493 1481 3578 regibus

623 3587 658 3647 et
669 3579 874 3666 principibus
886 3580 982 3642 ethis
995 3579 1149 3643 omnibus
1160 3579 1260 3663 quiin
1274 3579 1481 3646 sublimitate

624 3672 744 3733 sunta
766 3666 837 3730 Deo
860 3665 1045 3742 constituti,
1061 3670 1100 3729 ut
1121 3665 1242 3749 populo
1264 3665 1329 3740 Dei
1351 3666 1482 3751 prosint

624 3756 698 3830 fide,
714 3755 816 3817 verbo
832 3758 868 3817 et
881 3773 992 3836 opere,
1009 3758 1044 3816 et
1058 3773 1118 3836 pro
1142 3752 1295 3816 omnibus
1311 3753 1483 3817 ortodoxis

624 3840 793 3907 catholicae
809 3843 844 3904 et
859 3839 1048 3923 apostolicae
1063 3838 1167 3918 [fi]dei
1182 3838 1369 3902 cultoribus
1380 3843 1482 3923 atque

623 3948 683 4012 pro
699 3927 753 3990 his
767 3947 827 4010 pro
843 3925 963 4008 quibus
979 3926 1147 3989 debitores
1163 3930 1198 3988 et
1208 3924 1350 4009 polliciti
1365 3945 1481 3990 sumus

624 4015 659 4077 in
670 4016 732 4078 hcc
746 4012 868 4076 mundo
880 4032 986 4088 orare,
998 4015 1033 4074 et
1043 4033 1104 4095 pro
1116 4011 1344 4096 parrochianis
1355 4012 1482 4078 nostris

154 4134 167 4158 .
186 4121 243 4163 uon
263 4121 302 4163 un
320 4121 431 4182 reforma
451 4124 473 4161 a
492 4119 560 4162 cicun
580 4128 604 4161 u
624 4121 762 4185 qnorum
771 4098 974 4162 decimisstet
986 4098 1209 4174 oblationibus
1220 4103 1254 4161 et
1265 4097 1480 4175 elemoisinis,

156 4173 247 4223 “ml
257 4172 399 4215 “mbfflhe‘l'
623 4194 789 4271 utcunque
807 4188 1044 4261 sustentamur,
1060 4185 1218 4267 quatinus
1238 4206 1259 4248 a
1274 4183 1345 4248 Dec
1363 4183 1478 4250 Salva-

622 4281 694 4339 tcre
706 4278 821 4337 nostro
832 4271 958 4355 probis
973 4273 1125 4336 omnibus
1138 4270 1253 4335 officiis
1265 4276 1300 4336 et
1310 4271 1480 4337 beneficiis

622 4359 812 4444 centuplum
835 4357 1001 4441 accipiant
1023 4358 1056 4422 in
1081 4359 1143 4421 hoc
1167 4356 1297 4436 saeculo,
1318 4363 1353 4420 et
1375 4357 1479 4423 vitam

623 4452 770 4512 eternam
787 4447 821 4508 in
836 4446 960 4512 futuro.
1061 4521 1065 4527 Ι
