3158 5100
186 295 232 366 xli
704 280 832 366 runnu.

1284 433 1344 466 ΡΔΘΙ

186 490 290 546 Praesta
302 489 386 560 nobis,
398 506 433 561 q.,
447 489 523 559 Due,
536 494 691 545 sanctarum
703 487 840 559 virginum
854 492 964 541 tuarum
976 485 1166 543 intercessione
1227 519 1237 529 ·
1311 494 1345 552 87

455 595 479 635 o.
493 583 521 634 et
532 577 681 634 misericors
692 577 733 646 D.,
747 581 781 630 ut
791 591 853 646 quae
865 574 1016 631 visibilibus
1029 575 1157 631 misteriis
1227 607 1236 617 -
1313 593 1346 641 ¹4

292 664 379 736 Super
384 667 525 736 populum.
562 666 673 734 Adesto,
686 664 764 732 Due,
777 680 854 736 supp.
867 677 905 731 n.,
918 666 950 716 ut
961 662 1034 718 sicut
1045 661 1158 718 homeni

186 754 290 810 Praesta
302 769 358 823 nos,
373 753 449 822 Dne,
474 758 582 808 tuorum
595 751 703 823 gaudiis
715 751 816 822 ubique
827 754 990 819 sauctorum,
1003 749 1070 820 quia
1082 755 1183 806 uostrae
1227 781 1236 791 ·
1310 755 1345 816 5⁶

189 836 192 840 ’
304 858 341 912 q.,
355 842 433 911 Due,
446 842 630 910 sacramentis,
643 841 722 896 besto
733 838 913 912 spostolotuo
925 837 959 895 N.
972 837 1171 894 interveniente
1228 870 1237 880 ·
1310 843 1346 904 46

354 945 378 984 c.
392 928 424 983 Ι).
439 928 527 998 Pater,
541 927 632 999 utqui
645 927 709 981 Filii
721 927 764 982 tui
776 927 839 982 Dni.
853 944 880 981 n.
893 926 921 981 J.
935 925 964 981 0.
978 925 1175 982 incarnationis
1229 957 1239 968 ·
1314 945 1346 993 23

440 1021 472 1072 ut
484 1017 517 1071 de
529 1015 662 1088 perceptis
674 1015 832 1069 muneribus
843 1015 946 1086 gretia
957 1014 1116 1070 exhibentes
1230 1046 1240 1056 -
1314 1019 1347 1068 68

188 1102 314 1158 Proficiet
325 1103 403 1158 uobis
414 1102 449 1157 ad
461 1103 576 1158 sulutem
588 1103 706 1174 corporis
718 1107 746 1156 et
757 1101 865 1170 anima,
879 1101 947 1156 Due.
961 1101 1002 1172 D.,
1016 1101 1101 1173 hujus
1114 1132 1124 1144 ·
1230 1134 1240 1143 -
1334 1120 1347 1168 5

187 1190 345 1262 Propitiere,
359 1191 434 1258 Dne,
448 1189 689 1262 supplicationibus
700 1187 807 1258 nostris,
820 1194 849 1242 et
860 1204 908 1260 per
919 1188 980 1243 haec
991 1194 1159 1244 sacrosancte
1189 1200 1192 1206 ’
1231 1220 1241 1230 -
1316 1207 1347 1256 ³5

189 1279 278 1335 Prosit
290 1279 363 1352 plebi
375 1284 439 1348 tuae,
453 1295 477 1333 o.
491 1278 533 1347 D.,
547 1283 701 1332 sanctarum
714 1275 871 1347 virguinum
885 1276 920 1331 N.
932 1278 1088 1333 veneranda
1113 1309 1123 1319 -
1231 1309 1241 1319 ·
1316 1285 1345 1331 81

189 1366 309 1439 Protege,
323 1367 399 1438 Due,
412 1366 518 1438 plebem
530 1369 616 1434 tuam,
629 1371 657 1420 et
668 1382 750 1437 quam
764 1365 866 1421 divinis
878 1365 975 1419 tribuis
986 1365 1150 1437 participare
1232 1397 1243 1408 ·
1317 1372 1349 1420 86

411 1455 542 1527 populum
556 1459 642 1522 tuum,
656 1459 685 1508 et
696 1454 868 1526 participatio
879 1453 985 1508 celestis
996 1452 1105 1508 indulta
1116 1453 1244 1509 convivi-
1318 1459 1347 1507 σι

191 1542 341 1597 Purificent
353 1558 409 1613 uos,
422 1560 457 1612 q.,
471 1560 494 1597 o.
508 1547 537 1597 et
548 1541 698 1597 misericors
711 1541 752 1611 D.,
765 1547 934 1597 sacramente
945 1558 997 1611 que
1009 1541 1173 1614 sumpsimus
1235 1574 1245 1583 -
1319 1561 1352 1608 32

191 1629 230 1698 Q„
245 1630 321 1699 Due,
334 1629 499 1685 salutaribus
510 1629 604 1702 repleti
619 1629 755 1698 misteriis,
769 1635 802 1683 ut
814 1646 928 1700 quorum
940 1628 1128 1701 sollempnia·
1231 1661 1246 1699 .·
1318 1637 1351 1695 48

245 1734 269 1771 o.
283 1725 311 1772 et
323 1717 471 1773 misericors
482 1717 524 1788 D.,
538 1723 571 1772 ut
582 1734 631 1772 nos
643 1718 674 1771 in
687 1722 843 1773 sanctorum
857 1717 1039 1789 apostolorum
1052 1721 1162 1787 tuorum
1235 1747 1245 1758 ·

288 1804 331 1873 D.,
345 1810 377 1859 ut
389 1806 460 1877 quod
473 1804 506 1860 de
519 1804 614 1860 mensi
623 1805 714 1860 celesti
728 1805 903 1877 percepimus,
917 1804 1102 1860 intercedente
1114 1803 1194 1860 beatri
1207 1803 1242 1859 N.

193 1892 297 1948 Reiecti
309 1892 369 1949 oibo
381 1897 501 1965 potuque
513 1894 614 1963 celesti,
628 1910 663 1964 q.,
677 1909 700 1948 o.
708 1892 756 1962 *D.,
770 1899 803 1948 ut
814 1893 849 1949 ab
861 1893 981 1947 hostium
994 1891 1122 1948 defendas

299 1980 387 2051 Super
397 1983 535 2052 populum.
572 1983 675 2037 Adesto
685 1999 721 2052 ιι,
733 1980 800 2037 Due.
811 1982 844 2038 D.
852 1996 890 2051 n.,
900 1987 929 2037 et
937 1997 1004 2053 quos
1012 1980 1044 2035 iu
1052 1985 1154 2036 senctae
1163 1981 1249 2036 crucis

193 2066 312 2140 Respice,
327 2069 403 2138 Due,
416 2069 552 2141 propitius
562 2069 668 2140 plebem
681 2074 766 2140 tuam,
780 2075 808 2125 et
819 2086 901 2141 quam
914 2069 1015 2124 divinis
1027 2069 1125 2124 tribuis
1238 2100 1248 2109 ·

192 2157 380 2226 sacramentis,
393 2158 470 2227 Due,
484 2158 644 2214 muniamur
655 2159 780 2230 acceptis,
793 2165 821 2214 et
832 2164 987 2214 sanctorum
1000 2157 1144 2213 martirum
1236 2188 1246 2197 -

193 2244 425 2300 Sacramentomm
439 2251 556 2316 tuorum,
571 2245 649 2316 Due,
662 2245 849 2302 benedictione
861 2245 961 2316 satiati,
974 2250 1003 2301 et
1014 2245 1087 2301 beati
1099 2244 1219 2300 martiris
1238 2275 1247 2286 -

194 2332 360 2389 Sacrificium
371 2335 469 2390 salutis
481 2341 581 2390 nostres
594 2335 646 2390 tibi
658 2334 807 2405 offerentes,
820 2335 934 2390 concede
946 2333 1026 2390 uobis
1120 2365 1130 2375 -
1237 2364 1247 2373 ·

367 2422 418 2478 hoo
430 2422 504 2494 quod
516 2429 581 2490 tuae,
595 2423 663 2477 Dne.
677 2422 828 2477 obtulimus
840 2421 948 2495 pietati,
959 2419 1041 2477 nobis
1053 2420 1088 2476 ad
1100 2420 1207 2476 venium
1239 2451 1249 2462 ·

196 2508 296 2565 Sancte
308 2514 364 2580 tua,
378 2510 456 2581 une,
469 2510 503 2565 de
514 2511 587 2567 beati
599 2509 634 2564 N.
648 2510 767 2565 martiris
779 2510 820 2565 tui
832 2509 950 2582 pretiose
962 2508 1085 2581 pessione
1101 2502 1130 2550 '-
1238 2539 1248 2550 ·

380 2614 437 2667 nos,
451 2597 529 2668 Due,
541 2615 576 2670 q.,
590 2603 692 2654 sanctas
703 2598 838 2670 virguinis
849 2603 906 2654 tues
919 2597 953 2653 N.
967 2596 1185 2669 suffragantibus,
1241 2627 1252 2638 ·

197 2683 304 2740 Ssnctae
317 2683 351 2739 N.
365 2684 484 2740 martiris
496 2692 552 2741 tuae
565 2701 621 2754 uos,
635 2684 712 2754 Due,
725 2686 843 2758 precatio
855 2685 906 2741 tibi
918 2690 997 2757 grata
1008 2684 1134 2741 conciliet
1239 2715 1249 2727 ·

198 2773 359 2827 Sanctarum
372 2772 509 2844 virgiuum
522 2779 630 2827 tuarum
643 2773 791 2828 festivitate
803 2780 830 2828 et
842 2773 1004 2829 sacramenti
1017 2771 1103 2828 divini
1115 2787 1227 2828 munere
1242 2802 1251 2814 ·
1346 2793 1354 2820 ι

199 2859 292 2915 Sancti
304 2877 361 2931 nos,
374 2860 451 2930 Due,
465 2861 584 2915 martiris
596 2861 638 2915 tui
650 2868 734 2932 atque
746 2861 882 2934 pontificis
893 2861 928 2920 N.
942 2860 1061 2934 precatio
1073 2864 1167 2915 sancta
1241 2891 1251 2900 -

304 2947 429 3020 Spiritus,
443 2949 521 3018 Due,
535 2950 615 3004 corda
626 2954 719 3004 nostre
731 2949 846 3004 mundet
857 2948 965 3019 infusio,
979 2953 1008 3003 et
1020 2948 1063 3003 sui
1074 2946 1142 3001 roris
1153 2945 1253 3000 intimo

200 3036 307 3107 Stetisti,
321 3035 400 3101 Due,
413 3037 572 3093 muneribus
583 3037 672 3107 sacris,
687 3037 826 3092 beatorum
835 3036 1002 3092 confesorum
1015 3040 1124 3091 tuorum
1136 3033 1253 3090 Martini

202 3124 333 3196 Spiritum
346 3124 431 3192 nobis,
445 3125 524 3190 Due,
538 3130 594 3181 tuce
606 3125 729 3181 caritatis
741 3124 865 3194 infunde,
879 3131 911 3180 ut
921 3140 989 3196 quos
1001 3139 1056 3178 uuo
1068 3139 1138 3195 pene
1150 3121 1241 3178 celesti

997 3209 1173 3266 sacrementis
1241 3241 1252 3251 ·

307 3301 373 3355 Dns.
387 3300 598 3356 vobiscum—Et
609 3318 671 3356 cum
683 3300 948 3373 spiritu—Concede,
961 3317 996 3370 q.,
1009 3316 1033 3355 o.
1046 3299 1088 3367 D.,
1101 3299 1193 3369 utqui

204 3388 354 3453 Sumentes,
368 3388 435 3444 Due.
449 3388 491 3456 D.,
504 3388 602 3443 salutis
614 3394 713 3445 nostrae
724 3393 902 3459 sacramenta,
915 3392 1021 3460 praesta,
1035 3403 1070 3458 q.,
1083 3392 1219 3442 uteorum
1243 3417 1253 3426 -

441 3474 536 3531 divina
547 3476 675 3547 misteria,
688 3476 865 3548 imploramus
878 3474 1051 3530 clementiam
1061 3479 1137 3529 tuam
1246 3504 1255 3514 ·

689 3563 777 3618 suncti
790 3561 825 3618 N.
838 3561 994 3617 confessoris
1005 3560 1048 3615 tui
1060 3561 1107 3632 pia
1118 3576 1175 3630 uos,
1188 3576 1214 3631 q.
1244 3591 1254 3601 ·

442 3650 575 3706 salutarie
586 3657 763 3720 sacramenta,
776 3668 811 3721 q.,
825 3656 857 3704 ut
868 3649 928 3721 ejus
940 3665 989 3703 nos
1001 3647 1105 3704 tribuas
1116 3647 1243 3719 subsequi

202 3737 381 3809 Sumpsimus,
395 3738 473 3807 Due,
487 3739 610 3793 omnium
622 3743 776 3794 sanctorum
790 3743 898 3792 tuorum
912 3735 1074 3808 sollempnia
1085 3734 1250 3790 celebrantes

201 3825 316 3897 Sumpta
327 3841 450 3894 munera,
464 3825 542 3894 Due,
555 3831 710 3880 sauctorum
723 3825 902 3880 confessorum
915 3829 1024 3878 tuorum
1038 3821 1072 3876 N.
1085 3821 1210 3895 precibus
1246 3853 1255 3864 ·

326 3930 362 3985 q.,
376 3914 455 3977 Due,
468 3912 574 3968 celestis
585 3913 700 3969 misterii
712 3918 880 3969 sacramenta
892 3913 926 3968 sd
939 3907 1143 3984 prosperitatem
1245 3942 1255 3951 -

325 4007 501 4072 sacramenta,
515 4017 551 4072 q.,
564 4018 587 4056 o.
602 4002 643 4072 D.,
657 4003 750 4058 omnis
760 4003 876 4057 crimina
888 4007 980 4055 nostre
991 4001 1134 4072 detergant
1245 4030 1255 4040 ·

201 4091 321 4162 Sumpto,
335 4090 411 4160 Due,
424 4095 599 4161 sacramento,
613 4091 772 4164 suppliciter
783 4090 968 4162 deprecemur,
982 4093 1014 4142 ut
1026 4083 1260 4143 intercedentibus

204 4177 334 4250 Sumptis,
348 4177 425 4248 Due,
440 4178 536 4234 salutis
547 4183 648 4236 nostrae
660 4178 795 4248 subsidiis,
808 4179 851 4248 da,
864 4194 898 4249 q.,
912 4177 999 4233 beatae
1012 4174 1062 4230 Dei
1074 4175 1219 4247 genetricis
1248 4206 1257 4216 ·

324 4274 326 4278 ’
665 4260 668 4267 ’
733 4314 736 4319 ,
752 4282 754 4286 ·
1008 4263 1107 4319 Mariae
1119 4280 1224 4337 semper
1246 4295 1255 4303 -

205 4353 345 4425 Supplices
358 4357 386 4408 te
397 4368 531 4424 rogamus,
545 4369 569 4408 o.
583 4352 627 4417 D.,
640 4353 730 4424 utqui
743 4353 911 4426 percepimus
923 4350 1028 4408 celestis
1041 4367 1143 4408 mensa
1248 4383 1258 4392 ·
1334 4358 1367 4402 80

204 4441 323 4514 Suscipe,
336 4440 458 4515 piissime
472 4441 512 4510 D.,
526 4441 556 4495 in
569 4442 659 4497 sinum
673 4440 833 4514 patriarchae
846 4441 981 4497 Abarchae
993 4439 1114 4496 animem
1126 4438 1222 4496 famuli
1250 4467 1259 4476 ·
1335 4443 1368 4504 36

206 4531 263 4585 Tua
276 4535 370 4585 sanctu
382 4534 529 4593 sumentes,
543 4529 619 4600 Due,
633 4529 792 4602 suppliciter
802 4530 984 4602 deprecamur,
998 4533 1030 4582 ut
1042 4527 1120 4597 cujus
1250 4557 1260 4567 ·
1335 4541 1369 4590 54
