3158 5100
669 289 711 350 de
728 289 761 349 S.
782 287 899 350 Gracc.

643 459 806 522 Gradolc.

639 545 792 609 Christus
826 544 935 607 factus
965 547 1017 605 est
1046 563 1105 626 pro
1139 540 1234 605 nobis
1264 539 1450 604 obaudiens

596 632 686 695 Patri
703 652 806 715 usque
823 631 865 693 ad
882 633 1030 703 mortem,
1047 636 1185 692 mertem
1201 633 1314 691 autem
1329 629 1451 702 crucis,

595 724 730 803 propter
745 718 832 801 quod
848 723 883 781 et
904 714 995 777 Deus
1014 714 1108 777 illum
1125 713 1286 778 exaltavit
1308 719 1342 778 et
1358 714 1452 778 dedit

595 803 644 866 illi
660 826 779 867 nomen
794 803 881 887 quod
898 808 949 865 est
965 822 1064 886 super
1079 822 1173 864 omne
1186 821 1315 863 nomen.

639 890 785 954 alleluia.

639 975 744 1040 Dulce
760 977 887 1061 lignum
902 971 1016 1036 dulces
1032 971 1154 1049 clavos

146 1079 199 1119 This
208 1077 253 1152 line
261 1079 361 1130 oughtto
369 1079 397 1119 be
405 1078 419 1101 ⁴⁴
426 1077 579 1119 dulciaferens
640 1063 734 1126 dulce
751 1062 878 1146 pondus
894 1059 1054 1144 ponderae‚

126 1130 231 1178 ⁹⁰¹¹dm'
640 1170 709 1231 quae
726 1149 797 1213 sola
812 1148 906 1211 fuisti
922 1146 1023 1229 digna

641 1235 804 1298 sustinere
820 1255 930 1319 regem
948 1229 1092 1296 celorum
1108 1235 1142 1295 et
1155 1229 1271 1294 Deum.

639 1320 785 1384 alleluia.

640 1406 712 1470 Nos
728 1414 838 1471 autem
854 1402 990 1490 gloriari
1005 1408 1137 1488 oportet
1152 1402 1185 1465 in
1201 1425 1297 1468 cruce
1313 1402 1448 1468 Domini

202 1550 204 1555 .
597 1494 702 1557 nostri
718 1494 738 1557 J
741 1516 800 1557 esu
817 1492 951 1555 Christi.

153 1589 206 1628 This
215 1587 310 1630 alleluia
319 1585 338 1626 ia
347 1591 387 1627 not
395 1587 418 1628 iu
428 1588 466 1628 the
476 1587 563 1627 Sarum.
640 1579 784 1643 alleluia·

640 1665 748 1730 Dicite
764 1665 798 1727 in
813 1663 969 1749 gentibus
987 1664 1065 1748 quia
1079 1661 1241 1727 Dominus
1256 1661 1446 1748 regnavit&

597 1751 697 1837 ligno.

824 1838 1014 1899 Secundum
1030 1837 1226 1900 Mattceum.

639 1925 679 1990 In
709 1923 767 1986 illo
793 1928 950 2007 tempore,
979 1923 1169 1985 Ascendens
1199 1923 1298 1986 Jesus
1325 1922 1448 1985 Hieru-

548 2072 550 2077 .
597 2010 748 2074 solimam
763 2009 944 2092 assumpsit
960 2009 1014 2072 xii.
1031 2008 1210 2092 discipulos
1224 2029 1302 2071 suos
1319 2016 1448 2072 secreto

596 2103 631 2160 et
646 2097 694 2161 ait
709 2096 776 2159 illis
790 2120 797 2172 ;
822 2096 905 2158 Ecce
922 2095 1127 2159 ascendimus
1143 2094 1401 2158 Hierusolimam
1414 2102 1450 2159 et

596 2183 702 2246 Filius
732 2182 886 2246 Hominis
915 2182 1068 2246 tradetur
1100 2182 1303 2264 principibus
1340 2202 1448 2245 sacer·

595 2269 709 2333 dotum
725 2276 759 2333 et
771 2269 887 2332 scribis
899 2275 933 2331 et
945 2268 1231 2350 condempnabunt
1242 2289 1316 2329 eum
1328 2274 1447 2349 morte,

596 2363 630 2419 et
658 2356 791 2420 tradent
821 2376 896 2417 eum
926 2355 1081 2438 gentibus
1108 2354 1149 2417 ad
1179 2353 1384 2416 illudendum
1415 2362 1449 2419 et

594 2442 821 2527 flagillandum
852 2442 870 2479 *
907 2448 941 2503 et
974 2441 1240 2525 crucifigendum,
1277 2445 1313 2504 et
1345 2442 1446 2505 tertia

596 2528 649 2592 die
665 2534 827 2612 resurget.

644 2617 865 2697 offertorium.
954 2643 957 2648 ·

643 2703 793 2786 Protege,
808 2699 958 2772 Domine,
974 2696 1102 2780 plebem
1119 2703 1210 2762 tuam
1234 2719 1294 2783 per
1317 2699 1448 2784 signum

598 2794 717 2852 sanctae
733 2787 839 2850 crucis
856 2787 897 2849 ab
921 2784 1072 2846 omnibus
1088 2784 1218 2848 insidiis
1240 2786 1449 2851 inimicorum
1493 2827 1501 2836 -

596 2875 742 2937 omnium
758 2878 796 2936 ut
810 2872 871 2935 tibi
882 2876 1014 2954 gratam
1025 2871 1239 2934 exhibeamus
1253 2873 1449 2936 servitutem

596 2964 630 3022 et
660 2958 860 3041 acceptabile
888 2956 949 3020 tihi
975 2956 1035 3020 fiat
1066 2957 1262 3021 sacrificium
1288 2967 1450 3037 nostrum,

596 3045 741 3120 alleluia,
758 3043 903 3108 alleluia.

915 3130 1123 3208 [Secretum]

639 3216 718 3280 Haec
729 3216 860 3292 oblati0,
873 3215 1024 3290 Domine,
1037 3235 1231 3296 quaesumus,
1245 3216 1286 3279 ab
1297 3217 1449 3280 omnibus

151 3303 520 3397 {ffrgrgffiffiffnfffifflvwffffi
596 3325 656 3366 nos
672 3302 806 3367 mundet
827 3301 972 3376 offensis,
990 3322 1060 3385 quae
1083 3300 1117 3362 in
1140 3302 1197 3364 art
1225 3303 1331 3365 crucis
1348 3305 1450 3368 etiam

152 3407 338 3457 crematarum·
422 3379 430 3394 ⁰
596 3391 699 3454 totius
714 3389 827 3452 mundi
842 3388 920 3452 tulit
936 3389 1072 3451 offensa.
1117 3387 1182 3450 Per
1198 3386 1386 3453 Dominum.

640 3478 817 3558 Proefotio.
1440 3482 1443 3488 '

641 3563 737 3626 Vere.
782 3562 843 3646 Qui
860 3560 1001 3625 salutem
1016 3559 1151 3622 humani
1160 3560 1292 3643 generis
1307 3560 1341 3623 in
1358 3561 1449 3646 ligno

598 3649 704 3712 crucis
729 3647 941 3722 constituisti,
971 3651 1010 3709 ut
1039 3645 1124 3708 unde
1154 3666 1243 3709 mors
1270 3647 1448 3726 oriebatur,

152 3757 331 3798 creaturarum.
598 3736 673 3798 inde
689 3735 759 3798 vita
773 3741 981 3818 resurgeret;
1006 3738 1040 3795 et
1056 3732 1112 3815 qui
1134 3731 1168 3793 in
1184 3731 1274 3816 ligno
1291 3733 1448 3812 vinceret,

597 3822 632 3884 in
649 3821 739 3906 ligno
755 3842 884 3903 quoque
901 3820 1096 3883 vinceretur.
1142 3819 1207 3882 Per
1223 3818 1404 3882 Christum.

644 3909 848 3972 Communia

641 3996 705 4058 Per
719 3993 845 4078 lignum
862 3991 948 4054 servi
958 3991 1038 4054 facti
1048 4010 1171 4066 sumus,
1184 3996 1218 4052 et
1228 4011 1287 4074 per
1300 3996 1448 4056 sanctam

597 4103 726 4147 crucem
752 4079 883 4142 liberati
909 4098 1043 4140 sumus:
1078 4077 1207 4139 fructus
1234 4078 1363 4141 arboris
1399 4099 1448 4141 se-

596 4168 690 4232 duxit
715 4187 786 4241 nos,
815 4164 920 4229 Filius
949 4163 1012 4227 Dei
1038 4163 1178 4227 redemit
1203 4183 1274 4239 nos
1302 4163 1447 4241 alleluia,

597 4254 742 4329 alleluia,
759 4252 903 4317 alleluia.

642 4343 726 4403 Post
742 4340 1012 4404 communionem.
1114 4408 1118 4418 Ι

153 4451 402 4500 rnrsprayerdoesnot
425 4449 578 4490 astruerem
649 4426 778 4490 Reiecti
809 4424 881 4488 cibo
913 4428 1057 4506 potuque
1091 4421 1217 4498 celesti,
1252 4442 1449 4505 quaesumus

125 4501 413 4592 emmunim
432 4502 477 4539 '¹¹²‘
494 4499 579 4579 ‘Vm
598 4514 804 4596 omnipotens
835 4510 935 4585 Deus,
966 4514 1005 4572 ut
1035 4509 1076 4571 ab
1110 4507 1256 4571 hostium
1291 4509 1451 4574 defendas
