3158 5100
560 285 602 351 de
617 283 865 350 Iocoroatioae
880 282 1028 349 Domini.

124 458 305 536 nationem,
323 457 382 524 sed
395 477 456 542 pro
476 456 535 522 aa
559 458 684 543 pietate
706 456 814 541 prosit
835 455 918 519 mihi
941 456 984 521 ad

125 546 360 631 purgationem
383 549 594 630 peecatorum
623 548 659 608 et
688 542 731 607 sd
759 547 983 608 tutamentum

125 633 250 697 mentis
265 636 300 696 et
314 630 473 716 corporis,
489 630 547 714 qui
561 630 647 695 vivis
662 649 701 694 ac
716 649 847 714 regnas.
863 639 896 694 ct

173 719 304 802 Corpus
342 722 377 782 et
415 716 553 802 sanguis
589 715 721 781 Domini
757 714 865 780 nostri
902 715 986 780 Jesu

131 805 260 871 Christi
284 803 366 867 mihi
391 802 527 888 indigno
551 808 686 867 maneat
714 801 757 866 sd
783 801 926 866 salutem
953 807 988 866 et

130 890 285 976 proficiat
316 890 359 955 ad
393 889 575 954 remedium
607 889 643 953 in
679 887 784 953 vitam
822 892 989 952 aeternam.

130 981 251 1043 Amen.

175 1063 270 1148 Quod
285 1083 342 1126 ore
359 1061 494 1146 sumpsi,
509 1061 660 1137 Domine,
675 1064 787 1125 mente
804 1059 943 1145 capiam,
955 1064 991 1123 et

135 1150 177 1214 de
202 1170 339 1234 corpore
366 1154 401 1213 et
425 1148 585 1234 sanguine
609 1146 743 1213 Domini
772 1146 878 1210 nostri
907 1145 991 1210 Jesu

133 1235 262 1302 Christi
302 1235 363 1300 fiat
401 1234 484 1298 mihi
517 1234 700 1299 remedium
742 1232 989 1317 sempiternum.

132 1325 253 1389 Amen.

176 1409 314 1473 Placeat
332 1405 405 1483 tibi,
428 1405 569 1470 Domine
592 1406 695 1482 Deus,
720 1410 872 1469 sanctum
898 1406 992 1470 ohse-

134 1494 250 1579 quium
267 1492 442 1557 servitutis
456 1513 536 1556 meae
553 1497 588 1556 et
603 1495 726 1576 praesta
741 1497 780 1554 ut
796 1491 993 1556 sacrificium

133 1580 223 1665 quod
250 1578 354 1644 oculis
379 1584 444 1642 tuae
478 1578 666 1662 majestatis
689 1577 845 1662 indignus
876 1577 992 1655 obtuli,

134 1667 199 1732 tibi
223 1667 268 1731 sit
289 1665 498 1750 acceptabile,
526 1665 672 1748 mihique
697 1668 732 1728 et
758 1664 910 1729 omnibus
932 1684 993 1748 pro

136 1753 258 1837 quibus
273 1751 355 1816 illud
371 1752 479 1816 obtuli
495 1751 539 1815 sit
560 1756 595 1815 te
617 1751 833 1814 miserante*
855 1750 993 1837 propiti-
1011 1740 1033 1784 ²¹*
1059 1739 1142 1832 43b.

135 1839 225 1906 abile
241 1838 300 1924 qui
314 1838 400 1904 vivis
416 1843 452 1904 et
465 1858 588 1924 regnas
602 1836 705 1902 Deus.

1093 2185 1115 2215 m
1150 2201 1156 2214 .
1202 2176 1221 2214 θ.

183 2251 226 2300 IN
247 2250 412 2302 COMMDM.
430 2249 721 2300 INOARNA'PIONIS
744 2248 994 2311 stimulatum,
1037 2175 1093 2217 sm
1117 2183 1148 2226 ,p
1163 2173 1200 2225 82⁵

140 2337 342 2398 Pessimus,
363 2336 690 2398 Rcsuuuscalonffi,
708 2338 839 2386 DOMINI
861 2336 993 2385 NOS'I'RI

138 2425 230 2475 JDSU
246 2425 391 2474 OHRIS'H
404 2425 449 2474 ΕΦ
461 2424 656 2474 ADVDN'PUS
673 2424 838 2473 SPIRI'I'US
854 2422 994 2473 SANG'H.

188 2616 319 2681 Oratio.

185 2701 295 2767 Corda
316 2705 442 2779 nostra,
465 2721 662 2786 quaesumus,
683 2700 834 2779 Domine,
858 2705 994 2766 sanctus

143 2788 301 2874 splendor
329 2788 408 2852 Filii
437 2789 488 2853 tui
518 2787 766 2864 incarnationis,
795 2788 993 2865 nativitatis,

140 2875 318 2959 passionis,
348 2874 610 2950 resurrectionis,
637 2874 850 2950 ascensionis,
877 2880 912 2939 et
936 2875 993 2938 ad-

142 2962 264 3026 venths
280 2960 424 3046 Spirittls
437 2961 559 3037 Sancti,
570 2960 723 3026 clementi
733 2967 884 3044 respectu
899 2960 992 3025 illus·

142 3053 232 3125 tret3
255 3069 321 3132 quo
341 3047 452 3110 mundi
471 3048 580 3132 *hujus
600 3047 746 3111 tenebris
769 3068 880 3111 carere
903 3048 992 3113 vale·

143 3155 249 3210 amus,
266 3138 301 3197 et
314 3134 388 3218 ipso
403 3134 542 3199 ducente
554 3133 784 3217 perveniamus
799 3133 841 3197 ad
850 3135 993 3219 patriam

143 3220 308 3284 claritatis
330 3226 469 3296 aeternee,
493 3220 549 3303 qui
565 3232 579 3261 ²
601 3219 686 3285 vivis
712 3224 747 3284 et
772 3241 894 3306 regnas
919 3242 992 3286 cum
1010 3235 1465 3290 ²Thisterminationisobviouslrwrons·

143 3306 216 3371 Deo
232 3307 332 3371 Patre
346 3307 381 3370 in
397 3306 525 3371 unitate
540 3305 698 3390 ejusdem.
741 3307 816 3370 Per.
1012 3287 1058 3327 Μ
1068 3287 1216 3328 ΜΨ
1223 3299 1264 3339 1³⁶¹
1271 3289 1385 3331 eundem?

189 3394 372 3458 Secretom.

190 3479 231 3542 In
256 3479 423 3544 mentibus
452 3478 588 3556 nostris,
618 3499 814 3563 quaesumus,
844 3479 995 3558 Domine,

145 3586 232 3630 verae
247 3565 323 3630 fidei
338 3570 543 3630 sacramenta
559 3567 725 3641 confirma,
735 3570 774 3629 ut
788 3567 843 3650 qui
859 3587 996 3650 concep-

144 3657 217 3716 tum
227 3652 268 3715 de
278 3652 429 3737 virguine
440 3651 781 3716 Deumlethominem
791 3655 994 3729 confitemur,
1011 3665 1305 3710 »summasunmna

146 3759 207 3823 per
227 3738 374 3823 ejusdem
402 3737 578 3803 salutiferae
601 3738 848 3816 incarnationis,
873 3740 994 3804 nativi·

144 3825 239 3901 tatis,
261 3824 436 3909 passionis,
455 3825 717 3901 resurrectionis,
733 3825 945 3902 ascensionis,
960 3832 996 3891 et

146 3911 310 3976 adventus
328 3911 342 3948 l
361 3911 503 3995 Spirittls
521 3911 631 3976 Sancti
647 3912 828 3994 potentiam
845 3912 886 3976 ad
902 3919 994 3978 aeter·
1013 3915 1035 3959 *
1062 3939 1143 4004 4421,

146 4019 224 4062 nam
238 4018 426 4062 mereamur
440 3997 610 4081 pervenire
624 3997 797 4062 laetitiam.o
840 4000 915 4063 Per.
1014 4013 1242 4064 rsarummatrr'am

189 4086 275 4148 Post
289 4087 556 4148 commonionem.

190 4171 326 4245 Praesta,
338 4191 535 4254 quaesumus,
548 4169 756 4253 omnipotens
770 4171 862 4237 Deus
877 4173 995 4250 Pater;

145 4261 186 4322 ut
215 4257 272 4340 qui
301 4255 379 4320 Filii
403 4257 453 4321 tui
476 4255 607 4319 Domini
633 4259 740 4321 nostri
763 4257 846 4323 Jesu
872 4259 998 4324 Christi

145 4342 394 4420 incarnationis,
418 4342 615 4420 nativitatis,
638 4344 812 4426 passionis,
832 4366 997 4410 resurrec-

145 4431 257 4507 tionis,
270 4429 483 4506 ascensionis,
499 4434 534 4493 et
547 4431 710 4494 adventis
726 4431 868 4515 Spiriths
884 4432 997 4498 Sancti

145 4517 341 4582 memoriam
362 4516 473 4584 debita
490 4516 713 4584 venerationis
734 4518 832 4584 laude
848 4520 863 4562 ἃ
885 4541 998 4605 perco-
1016 4507 1376 4604 ‡„T,¹¹,¹3135;⁰3}ffl}‘},{3{,}⁰¹*
1389 4513 1415 4554 ⁰¹
1428 4512 1465 4554 ‘¹¹⁰
