3158 5100
191 287 216 350 ii
705 303 833 351 trnnx.

191 475 349 530 Nosautem
363 475 471 547 gloriari
483 480 587 548 oportet
599 475 629 529 in
642 476 791 531 crueaDni.
805 491 831 530 n.
845 476 874 530 J.
888 476 916 529 0.
970 493 1003 517 ·-
1111 506 1121 516 ·
1231 507 1239 517 -
1334 491 1348 540 5

301 565 332 620 D.
347 566 504 618 misereatur
516 564 601 618 nostri

196 653 232 706 0s
240 653 309 724 justi
323 652 499 707 meditabitur
510 653 671 724 sapientiam
684 657 712 707 et
724 652 820 724 lingua
834 652 893 724 ejus
905 651 1031 723 loquetur
1039 651 1176 724 judicium
1232 683 1242 694 ·
1315 656 1347 705 6ι

303 740 366 794 ΝοΙί
379 739 493 794 emulari

196 829 340 884 Protexisti
354 844 396 881 me
409 827 618 882 D.dconventu
630 827 850 899 malignantium,
863 827 973 883 alleluia
1113 859 1123 870 ·
1231 859 1240 870 -
1317 844 1351 894 ςο

303 915 409 970 Exaudi
421 915 453 968 D.
466 916 614 970 orationem
627 934 714 970 meam
1058 964 1064 975 .

197 1005 326 1075 Requiem
341 1009 472 1058 aeternam
485 1004 557 1058 done
568 1005 616 1076 eis,
628 1005 705 1074 Dua,
718 1010 747 1060 et
758 1004 806 1059 lux
818 1010 948 1078 perpetua
959 1004 1048 1060 luceat
1059 1004 1126 1059 cis·
1234 1035 1244 1046 ·
1318 1023 1354 1071 33

303 1091 340 1146 Te
352 1092 428 1146 decet
438 1109 539 1162 ymnus
552 1092 584 1146 D.

197 1180 582 1236 Resurrexietadhnctecum
595 1196 664 1244 sum,
677 1180 793 1249 alleluia,
807 1180 919 1252 posuisti
931 1197 1010 1252 super
1022 1197 1065 1235 me
1077 1196 1190 1235 manum
1235 1211 1245 1222 ·
1322 1197 1355 1232 ιο

304 1269 380 1338 Due,
393 1267 512 1340 probisti
525 1285 568 1322 me
580 1275 607 1323 et
620 1269 766 1340 cognovisti
779 1287 823 1323 me

198 1358 350 1413 Sacerdotes
362 1358 419 1426 Dei,
433 1356 582 1412 benedicite
595 1357 684 1428 Dum,
698 1357 785 1412 sancti
796 1363 824 1412 et
836 1357 952 1412 humiles
963 1358 1042 1413 corde
1117 1387 1152 1415 -,
1235 1388 1245 1399 -
1319 1375 1355 1424 70

304 1444 559 1499 Benedicitoomnia
571 1462 651 1515 opera

198 1537 350 1594 Sacerdotes
362 1537 422 1607 ejus
432 1536 551 1591 induant
562 1537 675 1593 salutari
687 1542 716 1592 et
727 1536 814 1592 sancti
826 1537 885 1608 ejus
897 1536 1065 1592 exultatione
1076 1536 1240 1593 exultabunt

303 1624 444 1679 Memento

198 1713 350 1768 Sacerdotes
362 1711 412 1781 tui,
427 1712 502 1780 Due,
517 1711 635 1766 induant
643 1711 789 1783 justitiam,
802 1717 831 1766 et
843 1712 930 1767 sancti
943 1712 984 1767 tui
996 1711 1121 1768 exultent

304 1798 443 1853 Memento
455 1799 521 1853 Dne.

199 1888 283 1956 Salve,
297 1892 390 1942 sancta
402 1903 499 1958 parens
512 1886 593 1939 enixa
605 1903 734 1958 puerpera
746 1903 835 1957 regem
849 1887 897 1956 qui
909 1886 1008 1941 coelum
1020 1891 1172 1958 terramque
1235 1918 1245 1930 ·

198 1976 337 2047 Sapientia
349 1980 502 2028 sanctorum
514 1979 625 2028 narrent
637 1974 729 2046 populi
742 1981 769 2028 et
781 1972 889 2029 laudam
903 1992 995 2030 eorum
1009 1975 1121 2030 nuntiat

305 2062 433 2114 Exultate
441 2060 512 2131 justi
524 2061 554 2113 in
566 2059 634 2115 Duc.

200 2149 316 2222 Spiritus
329 2147 391 2201 Dni.
404 2146 518 2218 replerit
530 2147 619 2200 orbem
633 2152 774 2211 terrarum,
787 2148 905 2218 alleluia,
918 2153 947 2204 et
958 2148 1008 2203 hoc
1020 2149 1090 2220 qnod
1103 2150 1246 2205 continet·

307 2235 442 2290 Oonfirma
454 2234 486 2287 D.
500 2234 550 2288 hoc
561 2234 633 2303 quod
645 2241 768 2306 operatus
780 2253 808 2290 es
820 2237 898 2291 nobis

200 2325 303 2381 Statuit
315 2325 340 2379 ei
353 2324 420 2378 Dns.
434 2327 624 2376 testamentum
638 2323 719 2394 pacis,
733 2328 760 2377 et
772 2323 923 2396 principem
936 2323 1000 2379 fecit
1012 2341 1073 2379 eum
1120 2355 1130 2367 ·
1237 2357 1248 2369 ·

306 2411 501 2467 Misericordiae
513 2411 577 2466 Dni.
590 2412 620 2464 in
632 2417 764 2466 aeternum
778 2413 1021 2472 cantabo-Gloria

201 2502 303 2560 Statuit
315 2503 339 2556 ei
353 2499 417 2556 llus.
431 2504 623 2553 testamentum
636 2499 830 2571 sempiternum
843 2506 871 2554 et
883 2499 959 2554 dedit
970 2500 1012 2554 illi
1024 2501 1202 2556 sacerdotium
1237 2532 1248 2545 ·

306 2589 369 2644 Noli
382 2588 496 2642 emulari

201 2679 320 2735 Verbum
334 2684 411 2731 tuum
425 2676 640 2748 deprecabuntur
652 2692 744 2731 omnes
755 2676 853 2731 divites
865 2676 957 2749 plebis,
970 2677 1138 2733 adducentur
1148 2679 1205 2749 regi
1239 2709 1250 2723 ·

306 2765 446 2822 Eructavit

205 2859 262 2914 viri
274 2857 380 2927 Galilei,
395 2855 462 2926 quid
474 2855 648 2910 admiramini
660 2855 833 2927 asspicientes
844 2854 873 2910 in
886 2856 985 2928 celum,
996 2856 1105 2912 alleluia

308 2946 408 3000 Omnes
419 2949 519 3016 gentes,
532 2943 653 3014 plaudite
666 2943 793 2999 manibus
