3158 5100
179 308 214 369 iv
696 319 823 368 1unux.

181 493 211 546 D.
226 493 274 563 qui
286 485 526 565 per‘inestimabile
538 509 638 546 munus
649 493 745 564 gratiae
759 497 814 546 tuae
826 497 932 547 sanctos
943 497 1004 546 tuos
1016 490 1082 545 facis
1093 489 1219 562 gloriosos
1280 436 1324 544 1⁴⁶·
1323 437 1338 557 ζ

286 584 385 653 populo
396 589 444 637 tuo
457 589 567 639 aeternae
579 585 675 638 salutis
687 585 796 639 beatum
809 583 843 637 N.
857 581 1013 635 ministrum
1027 580 1181 635 concessisti
1220 611 1230 622 ·
1306 584 1338 646 ⁶9

287 688 335 741 pro
347 673 424 727 nobis
436 672 538 726 Filium
552 679 630 727 tuum
644 674 730 729 crucis
741 673 895 744 patibulum
908 671 997 726 subire
1008 669 1121 725 voluisti
1223 699 1232 710 ·
1307 675 1338 734 83

288 759 386 813 salutis
398 766 509 815 aeternae
521 761 608 816 beatas
620 760 717 816 Marias
729 761 887 831 virginitate
898 757 1013 814 fecundis
1026 758 1141 812 homano
1223 785 1233 798 ·
1307 762 1340 821 89

289 847 432 918 Unigeniti
445 849 506 902 Filii
520 849 562 902 tui
575 849 637 902 Dni.
653 867 679 902 n.
693 849 721 902 J.
735 849 763 902 0.
777 849 891 920 pretioso
903 847 1036 918 sanguine
1048 844 1162 900 viviticat
1222 874 1232 884 ·
1325 858 1337 908 5

287 946 319 988 ut
332 935 483 989 humanum
496 954 581 1007 genus
593 937 628 990 ad
640 936 831 991 confessionem
845 937 886 989 tui
900 934 1018 989 nominis
1029 947 1184 1005 provocares
1223 961 1233 972 ·
1308 937 1340 984 80

228 1027 335 1074 tuorum
349 1023 435 1094 gloria
447 1024 622 1093 sacerdotum,
636 1013 726 1094 presta
737 1042 773 1094 q.,
787 1031 819 1077 ut
831 1024 917 1078 sancti
929 1023 967 1076 N·
980 1019 1136 1076 confessoris
1148 1018 1191 1072 tui
1222 1049 1232 1059 -
1307 1021 1339 1084 ⁶3

229 1109 315 1163 veniae
328 1111 614 1182 largitorethomanae
627 1111 846 1175 salutisamator,
859 1129 885 1181 q.
899 1109 1069 1166 clementiam
1083 1113 1158 1161 tuam
1224 1135 1233 1146 -
1309 1123 1342 1171 37

183 1198 249 1252 Due.
264 1198 295 1251 D.
312 1198 342 1251 P.
356 1216 388 1267 o.,
403 1200 449 1269 qui
463 1200 639 1254 contritorum
653 1217 707 1254 non
720 1201 833 1271 despicis
844 1200 986 1271 gemitum,
999 1203 1027 1253 et
1039 1194 1201 1250 merentium
1224 1224 1234 1234 -
1310 1199 1342 1258 87

312 1288 359 1356 qui
373 1287 515 1342 tribulatos
527 1289 604 1344 corde
617 1306 703 1358 sanas,
716 1294 744 1344 et
757 1289 927 1344 mestificatos
938 1293 1001 1342 ectu
1012 1284 1134 1340 laetificas
1224 1312 1234 1321 ·
1309 1286 1342 1344 87

182 1373 295 1443 Exaudi,
310 1374 376 1428 Due.
391 1376 520 1447 populum
536 1384 623 1445 tuum,
639 1382 833 1432 etsanctorum
847 1377 1025 1431 confessorum
1039 1378 1147 1427 tuorum
1161 1368 1194 1422 N.
1225 1400 1234 1409 ·
1308 1386 1341 1434 70

181 1461 385 1532 Indulgentiam
399 1464 484 1530 nobis,
499 1464 575 1532 Due,
589 1467 668 1520 beata
680 1466 714 1519 N.
730 1466 803 1537 virgo
816 1470 843 1520 et
856 1465 952 1520 martir
964 1462 1090 1534 imploret

181 1549 349 1616 intercessio,
364 1568 399 1620 q.,
414 1551 489 1620 Due,
503 1553 644 1606 beatarum
659 1554 795 1625 virginum
809 1560 918 1608 tuarum
932 1554 966 1607 ab
978 1550 1052 1605 omni
1065 1564 1114 1601 nos

186 1636 307 1690 Laetetur
319 1639 420 1692 ecclisia
432 1645 488 1707 tua,
503 1640 544 1709 D.‚
558 1641 697 1695 beatorum
712 1643 890 1696 confessorum
904 1646 1014 1694 tuorum
1028 1634 1143 1689 Martini
1225 1663 1235 1673 ·

184 1725 214 1778 0.
228 1725 435 1781 clementissime
448 1727 488 1795 D.,
498 1729 545 1798 qui
558 1729 663 1783 sitienti
677 1729 776 1801 populo
788 1730 889 1783 fontem
903 1726 1019 1781 viventis
1031 1738 1110 1795 aquea

226 1817 253 1866 et
267 1831 302 1867 m.
317 1813 360 1883 D„
375 1813 423 1882 qui
436 1813 526 1868 beatos
539 1817 671 1887 apostolos
684 1822 746 1871 tuos
758 1817 871 1870 Petrum
885 1821 912 1869 et
925 1814 1043 1869 Paulum
1108 1841 1118 1852 ·

229 1901 372 1956 mitissime
385 1904 426 1967 D.‚
440 1904 539 1975 respice
551 1907 684 1977 propitius
696 1923 785 1978 preces
796 1911 908 1970 nostras,
922 1910 949 1959 et
961 1904 1047 1957 libera
1059 1916 1104 1956 cor
1116 1897 1211 1954 famuli
1228 1929 1235 1938 ·

228 1989 391 2060 sempiterne
404 1990 445 2055 D.‚
459 1997 553 2044 auctor
566 1993 674 2046 virtutis
686 2001 714 2046 et
725 1997 831 2047 amatur
843 1991 1016 2063 virginitatis,
1029 1988 1155 2043 danobis
1227 2016 1236 2026 ·

455 2078 498 2131 cui
513 2096 653 2150 nunquam
670 2082 728 2134 sine
740 2099 786 2152 spe
799 2081 990 2135 misericordias
1002 2077 1170 2149 supplicatur
1227 2104 1236 2112 -

457 2165 587 2220 fortitudo
599 2168 761 2222 certantium
773 2174 801 2223 et
814 2169 956 2223 martirum
969 2167 1062 2238 palma
1110 2193 1120 2204 ·
1227 2191 1236 2201 ·

457 2253 504 2321 qui
518 2253 615 2308 dedisti
629 2257 741 2310 famulis
753 2257 808 2311 tuis
820 2257 849 2310 in
862 2256 1024 2311 confessione
1037 2269 1106 2308 vcrae
1118 2250 1182 2303 fidei
1227 2279 1237 2290 ·

517 2344 674 2399 hodiernam
689 2346 760 2401 diem
775 2345 959 2402 honorabilem
974 2344 1051 2399 nobis
1062 2341 1134 2397 beati
1147 2339 1181 2396 N.
1228 2369 1238 2379 ·

516 2431 600 2501 hujus
612 2433 667 2485 diei
681 2433 862 2488 venerandam
877 2438 1051 2501 sanctamque
1062 2429 1187 2484 laetitiam
1228 2453 1238 2468 ·
1281 2458 1284 2467 ·

517 2518 626 2573 infirma
639 2521 735 2573 mundi
749 2521 830 2591 elegis
841 2527 873 2574 ut
881 2521 961 2574 fortia
970 2535 1075 2591 queque
1083 2513 1231 2572 confundas

518 2625 560 2661 me
573 2614 742 2679 peccatorum
756 2610 838 2664 sacris
850 2610 981 2665 altaribus
994 2615 1082 2662 astare
1094 2606 1203 2662 voluisti
1229 2635 1238 2644 ·

519 2700 680 2753 mirabiliter
691 2699 778 2772 fulges
790 2701 819 2752 in
833 2700 924 2755 electis
936 2699 991 2753 tuis
1003 2715 1070 2769 quos
1081 2702 1109 2752 te

516 2802 564 2838 nos
577 2786 685 2841 idoneos
698 2804 752 2841 non
762 2805 817 2842 esse
830 2787 971 2858 perpendis
983 2786 1018 2840 ad
1031 2785 1199 2855 majestatem
1228 2813 1238 2824 ·

515 2874 635 2926 vivorum
650 2874 798 2929 dominaris
811 2874 935 2929 simulet
948 2880 1116 2928 mortuorum

460 2962 535 3014 trina
547 2961 675 3031 majestas
688 2969 715 3016 et
729 2980 785 3016 une
797 2963 907 3032 Deitas,
922 2963 969 3032 qui
983 2962 1010 3014 in
1024 2961 1158 3014 Trinitate
1228 2989 1238 3000 ·

191 3050 294 3101 Pietate
307 3048 362 3114 tua,
377 3064 411 3117 q.,
425 3048 503 3116 Dne.²
514 3056 666 3102 nostrorum
681 3050 751 3106 solve
763 3052 874 3106 uincula
886 3052 1008 3105 omnium
1023 3050 1180 3103 delictorum
1230 3078 1239 3089 -

190 3136 297 3207 Porrige
310 3137 395 3203 nobis,
410 3153 444 3205 q.,
459 3136 499 3202 D.‚
514 3137 652 3191 dexteram
666 3144 723 3192 tuae
736 3138 892 3209 majest-atis,
907 3144 934 3191 et
945 3156 993 3210 per
1005 3137 1240 3192 intercessionem·

190 3225 293 3277 Praesta
305 3240 340 3293 q.,
355 3222 431 3290 Due,
445 3232 476 3275 ut
488 3223 588 3278 animes
601 3225 764 3278 famulorum
779 3230 887 3279 tuorum
901 3225 935 3278 N.
950 3225 1116 3279 sacerdotum
1128 3239 1195 3294 quos
1230 3252 1240 3262 ·

188 3311 282 3365 Presta
294 3328 328 3379 q.,
343 3327 367 3364 o.
383 3310 458 3378 D.,ut
470 3311 557 3365 beatae
570 3313 689 3366 martiris
701 3318 756 3366 tuae
766 3312 926 3383 sollempnia
935 3317 1102 3367 recensentes

469 3404 500 3450 ut
513 3399 600 3452 nullis
612 3417 661 3452 nos
674 3400 815 3470 permittas
827 3401 1077 3472 perturbationibus
1089 3399 1195 3454 concuti
1230 3428 1239 3438 ·

504 3486 574 3539 sicut
586 3487 756 3541 devotissime
766 3487 939 3542 Christianus
951 3488 1067 3561 populus
1079 3486 1114 3542 ad

190 3575 341 3643 Praetende,
356 3574 432 3641 Due,
446 3573 568 3628 fidelibus
582 3575 637 3628 tuis
649 3575 784 3641 omnibus,
799 3576 933 3647 episcopis,
948 3576 1090 3632 abbatibus
1110 3607 1121 3617 ·
1192 3631 1194 3634 ,
1229 3605 1238 3616 -

189 3664 348 3735 Propitiare,
362 3681 397 3735 q.,
411 3664 487 3732 Due,
502 3663 579 3717 nobis
592 3664 713 3734 indignis
724 3663 834 3718 famulis
846 3665 909 3735 tuis,
923 3665 1066 3736 persancti
1080 3663 1233 3719 confessoris

989 3759 1142 3808 sanctorum
1231 3783 1241 3794 ·

366 3839 442 3907 Due,
456 3855 489 3908 q.,
503 3838 647 3892 animabus
658 3837 823 3893 famulorum
837 3843 946 3894 tuorum
961 3841 1177 3910 famularumque
1231 3870 1241 3881 ·

188 3930 218 3994 Q.
235 3929 310 3994 Due,
326 3945 373 3998 pro
386 3925 435 3980 tud
447 3927 547 3996 pietate
560 3925 683 3981 miserere
696 3926 797 3980 animae
809 3927 972 3981 famularum
987 3935 1095 3982 tucrum
1113 3958 1124 3970 ·

239 4036 261 4070 o.
277 4017 317 4084 D„
332 4021 363 4068 ut
377 4023 467 4067 nostra
479 4013 584 4067 devotio
597 4030 659 4083 quae
672 4014 800 4068 natalicia
810 4014 882 4068 beati
895 4013 928 4068 N.
944 4014 1061 4069 martiris
1073 4015 1115 4089 tui

370 4109 418 4179 qui
430 4108 501 4161 beati
515 4109 627 4180 apostoli
642 4109 683 4162 tui
696 4107 730 4169 N.
747 4109 876 4163 natalicia
888 4108 991 4165 devotis
999 4109 1115 4181 jejuniis
1233 4139 1242 4150 -
1315 4125 1345 4173 4¹

191 4199 287 4254 Sancte
301 4196 350 4250 Dei
362 4196 506 4268 genetricis
519 4195 614 4250 Mariae
627 4195 802 4266 omniumque
813 4202 964 4265 sanctorum
979 4202 1089 4251 tuorum
1116 4227 1126 4238 -
1234 4226 1244 4237 -
1318 4212 1350 4259 29
