3158 5100
639 283 679 346 de
696 285 731 346 S.
749 285 880 347 Maria.

98 452 273 527 formidine
296 472 379 535 quos
401 451 570 517 redemisti
592 455 737 537 pretioso
759 456 954 540 *sanguine
974 462 995 504 *
1025 463 1107 557 αφ,

99 540 150 604 tui
166 538 246 602 Filii
260 538 393 602 Domini
408 541 525 603 nostri.
572 540 634 624 Qui
649 547 758 604 tecum
774 543 865 606 vivit.

366 625 492 703 [Super
501 628 693 708 populum]

148 711 274 775 Adesto
289 711 394 786 nobis
410 711 549 776 Domine
572 712 662 776 Deus
679 721 801 790 noster,
818 720 853 779 et
873 736 956 797 qnos

104 799 140 861 in
171 805 291 862 sanctae
316 797 422 860 crucis
448 798 554 863 laetari
585 800 694 864 fecisti
718 801 852 877 honore,
883 802 956 881 ejus
1001 827 1080 867 sarum
1089 828 1129 869 aa
1137 827 1327 880 samaraeus

105 905 235 1034 ‹Broqne
273 884 443 968 perpetuis
480 886 618 950 defende
662 888 827 952 subsidiis.
894 889 958 951 Per

142 992 296 1038 ommum.

271 1229 394 1310 [nisse
417 1246 464 1294 on
489 1247 631 1294 sancrn
655 1238 800 1318 itania]

1010 1275 1064 1315 This
1081 1278 1141 1315 Mass
1160 1287 1236 1317 occurs
1253 1276 1277 1317 in
1294 1280 1333 1318 the
1349 1279 1429 1318 Sarum

979 1325 1057 1364 Miscet
1066 1336 1089 1374 p.
1099 1334 1157 1377 779*.

155 1403 262 1480 Salve,
280 1409 395 1468 sancta
409 1425 529 1488 parens
546 1404 644 1468 enixa
663 1426 825 1490 puerpera
847 1427 959 1490 regem
1004 1423 1218 1470 Transmonte.
1243 1427 1315 1467 nown
1331 1431 1354 1468 a
1366 1439 1432 1468 aaa·

109 1491 166 1573 qui
197 1490 304 1554 celum
335 1496 523 1574 terramque
549 1491 638 1575 regit
668 1494 702 1554 in
728 1491 842 1555 secula
869 1513 961 1555 secu·
980 1475 1434 1576 lttf'tlltt‘ltaddlltdlteltltl

109 1578 237 1640 lornmz
258 1582 292 1640 et
307 1577 429 1661 gaudia
444 1578 559 1640 matris
576 1578 702 1641 habens
718 1600 790 1640 cum
803 1578 962 1663 virguini-
979 1573 1272 1677 (cgfflgfflffiffilgflggssfigg,
1286 1626 1352 1666 enm
1368 1638 1433 1677 puer„

109 1665 192 1728 tatis
207 1665 352 1727 honore:
376 1685 435 1726 nee
450 1664 580 1747 prinam
596 1665 735 1727 similem
749 1665 835 1727 visxi
851 1686 887 1728 es
902 1686 962 1728 nec
981 1673 1156 1765 rgulffeggppm
1172 1727 1219 1766 aa
1316 1727 1377 1765 tenet
1409 1737 1433 1766 er

109 1752 232 1814 habere
249 1755 450 1833 sequentem,
467 1749 612 1814 alleluia.
981 1773 1139 1824 muraenas
1220 1737 1300 1776 ’ΜΨ
1394 1737 1408 1776 ⁹

1005 1821 1094 1861 Numen
1103 1828 1124 1863 et
1137 1827 1220 1865 eterno
1228 1826 1375 1874 complectens
1387 1836 1433 1864 om·

474 1852 508 1900 G.
525 1853 556 1899 P.
574 1853 601 1900 S.
981 1869 1019 1909 nlo
1028 1882 1089 1920 gyro,

156 1923 286 1988 Oratio.
1007 1921 1130 1970 Imperium
1152 1924 1199 1964 sine
1219 1925 1263 1964 fine
1284 1928 1366 1974 manet,
1385 1936 1434 1974 quta

982 1975 1056 2010 ventre
1066 1974 1137 2021 beato,

169 2008 317 2072 Concede
359 2030 420 2073 nos
457 2007 602 2073 famulos
639 2016 726 2086 tuos,
765 2030 962 2094 quaesumus,
981 2023 1187 2113 nigffidffletris
1204 2023 1352 2064 habenscum
1369 2024 1434 2074 virsi-

110 2096 249 2160 Domine
281 2094 383 2171 Deus,
414 2102 576 2181 perpetua
606 2099 728 2160 mentis
759 2104 793 2159 et
817 2117 963 2180 corporis
1007 2121 1053 2160 xeo
1069 2124 1166 2172 pamm
1182 2123 1338 2163 similemvisa
1354 2135 1436 2173 essee

111 2182 258 2246 sanitate
264 2193 284 2280 ὃ.
293 2182 449 2265 gaudere,
463 2189 497 2246 et
511 2182 663 2267 gloriosae
679 2204 716 2246 ac
729 2185 834 2247 beatae
848 2182 963 2245 Mariae
983 2169 1225 2273 hlssgffiussffi’w
1234 2223 1438 2272 phcuiffifoemin,

112 2289 243 2352 semper
255 2268 416 2352 virguinis
429 2269 664 2332 intercessione
681 2277 699 2332 a
717 2269 872 2352 praesenti
885 2269 964 2331 libe·
983 2269 1241 2362 legffss·0tundermd
1250 2322 1286 2362 ,he
1293 2323 1438 2362 mmm

112 2354 180 2419 rari
206 2354 344 2418 tristitia
373 2361 407 2419 et
432 2355 545 2419 futura
575 2356 700 2439 perfrui
731 2356 856 2419 latitia.
902 2356 966 2419 Per
985 2369 1212 2423 thataresubtoined·

200 2442 206 2455 .
985 2430 996 2450 ⁸
1011 2421 1055 2458 For
1070 2425 1174 2473 sanitate,
1190 2424 1227 2462 the
1243 2421 1388 2462 Bnrntislund
1406 2433 1439 2460 re·

112 2443 299 2506 Dommum.
986 2470 1047 2528 print
1060 2472 1129 2511 orne
1139 2474 1218 2511 sarum
1232 2473 1272 2511 nas
1286 2472 1439 2520 acetabula

158 2529 174 2564 ²*
191 2528 405 2591 Lectionum·
421 2527 617 2608 sapiensne.
986 2521 1441 2621 ttdtttltdt,ddunt¹35?

159 2617 211 2678 Ab
240 2613 336 2676 initio
366 2619 401 2677 et
431 2622 508 2677 ante
535 2613 646 2677 secula
677 2618 790 2677 creata
821 2634 904 2689 sum,
933 2618 968 2677 et
988 2620 1440 2711 {lgsslss'nssffssffffffissffifflss·¹¹¹{¹¹⁰

936 2700 942 2712 .
1296 2682 1393 2719 corrosa
1413 2681 1439 2709 or

115 2700 279 2784 usquead
301 2701 449 2762 futurum
466 2700 612 2763 seculum
628 2721 693 2762 non
708 2700 866 2775 desinam,
886 2718 920 2763 et
935 2721 968 2762 m
987 2720 1439 2770 stammanamonstranti-on,

116 2786 321 2853 habitatione
335 2789 448 2850 sanctii
462 2808 572 2850 coram
584 2785 678 2848 Deob
693 2785 886 2850 ministravi.
923 2785 969 2849 Et
987 2770 1208 2894 gtmgforsaura.

118 2875 216 2940 sicin
232 2873 310 2936 Sion
331 2874 463 2936 firmata
486 2895 569 2949 sum,
586 2880 619 2937 et
634 2872 667 2933 in
691 2865 825 2936 civitate
849 2872 970 2936 sancti·
986 2919 998 2951 ,
1013 2845 1058 2959 FO}
1074 2849 1174 2961 ἔξω
1190 2921 1268 2961 surum
1283 2920 1328 2960 anu
1345 2921 1439 2971 vulgum

117 2963 218 3025 ficata
249 2957 402 3022 similiter
438 2960 586 3042 requievi
623 2965 656 3022 et
689 2959 723 3021 in
758 2958 969 3022 Hierusalem
986 2970 1104 3020 haveirw·
1121 2957 1136 2971 “

119 3047 268 3133 potestas
283 3066 366 3121 mea,
389 3053 423 3108 et
444 3045 588 3110 radicavi
612 3045 645 3106 in
669 3045 789 3129 populo
814 3046 970 3108 honorifi-

119 3140 214 3208 cat03
239 3139 273 3195 et
296 3131 328 3192 in
349 3138 461 3215 partes
476 3132 539 3196 Dei
560 3132 624 3193 mei
640 3131 806 3195 heriditas
818 3131 919 3208 illius,
936 3137 971 3195 et

120 3223 153 3286 in
170 3217 372 3305 plenitudine
390 3228 578 3283 sanctorum
594 3218 739 3282 detentio
755 3239 838 3282 mea.

167 3305 329 3370 Gradole.

165 3392 344 3456 Benedicta
374 3397 408 3455 et
436 3389 636 3454 venerabilis
667 3399 703 3452 e‘s
738 3390 830 3474 virgo
860 3389 970 3453 Maria

122 3503 193 3565 quae
217 3478 286 3542 sine
308 3484 400 3543 tactu
423 3478 559 3563 pudoris
583 3477 718 3540 inventa
744 3485 795 3539 est
823 3498 839 3540 s
865 3484 971 3541 mater

123 3567 316 3632 salvatoris.

174 3653 212 3715 V.
256 3652 361 3737 Virgo
391 3650 453 3713 Dei
476 3649 638 3735 genetrix,
666 3670 763 3732 quem
789 3653 881 3712 totus
906 3670 971 3711 non

122 3740 212 3825 rapit
231 3739 320 3802 orbis
341 3739 375 3801 in
392 3748 450 3801 tua
466 3758 500 3799 se
517 3736 637 3800 elausit
653 3738 781 3799 viscera
796 3735 904 3799 factus
921 3743 973 3800 est

122 3830 233 3890 homo.

166 3911 322 3976 Alleluia.
374 3912 412 3973 V.
457 3910 539 3973 Post
557 3914 688 3993 partum
704 3909 797 3992 virgo
813 3908 974 3972 inviolata
1016 3925 1042 3964 111
1061 3924 1098 3984 the
1117 3923 1195 3962 sarum
1217 3922 1284 3962 Office
1303 3922 1347 3961 this
1366 3920 1386 3961 is
1404 3922 1441 3962 the

122 3998 345 4085 permansisti,
363 3997 422 4061 Dei
438 3996 599 4080 genetrix,
611 3996 776 4058 intercede
792 4016 851 4078 pro
867 3996 972 4058 nobis.
991 3974 1255 4023 ⁶¹¹³¹¹¹¹²²f⁰¹M⁰¹¹dal⁵⁸
1272 4031 1275 4038 ·
1292 4072 1296 4081 Ι
1319 4073 1324 4082 ,

175 4087 211 4148 V.
266 4085 330 4147 Per
352 4091 395 4159 te,
420 4081 482 4145 Dei
509 4083 670 4166 genetrix,
696 4082 791 4144 nobis
822 4090 874 4144 est
903 4081 973 4145 vita
990 4071 1443 4166 ,llsslsslssssssffficfflfl‘ffigffl¹⁸²¹¹⁴²fil⁵t

123 4171 255 4258 perdita
270 4172 287 4206 ³⁶
303 4171 383 4234 data
401 4191 472 4253 quae
492 4169 532 4232 de
553 4169 624 4232 celo
649 4168 822 4253 suscepisti
845 4168 971 4252 prolem
990 4180 1011 4221 ἐ
1040 4179 1122 4248 26b.

124 4268 159 4322 et
173 4257 295 4320 mundo
334 4256 455 4319 enuisti
473 4254 688 4318 salvatorem.

174 4345 212 4406 V.
235 4278 391 4418 Allelguia,
406 4342 502 4405 Felix
525 4362 619 4406 sacra
634 4362 670 4404 es
686 4340 779 4424 virgo
795 4341 914 4418 Maria,
938 4347 973 4405 et
1016 4335 1427 4378 ΤὴῑθᾱοΜθῗθωωῑΠ*ΗΜ

125 4432 212 4494 omni
238 4429 333 4493 laude
359 4428 562 4514 dignissima,
588 4428 665 4510 quia
692 4433 787 4490 exte
812 4435 905 4492 ortus
921 4434 972 4491 est

125 4518 173 4582 sol
186 4515 350 4602 justiltilae
368 4512 519 4578 Christus
535 4514 694 4577 Dominus
711 4519 832 4577 noster.
