3158 5100
586 296 705 362 natale
721 300 823 361 unius
840 299 1051 384 confessoris.

636 480 694 539 tuo
718 476 817 554 atque
844 471 1010 554 pontifice,
1033 492 1220 536 mereamur
1249 472 1265 508 '¹‘
1293 472 1335 536 ad
1363 470 1499 535 culmen

638 561 801 624 virtutum
816 558 1000 639 pervenire.
1046 559 1119 622 Per.

682 643 877 725 Sdpieuticc.

682 733 766 795 Ecce
795 729 948 793 sacerdos
971 750 1112 814 magnus
1138 730 1194 813 qui
1221 731 1255 792 in
1283 731 1402 796 diebus
1427 728 1497 792 suis

638 818 764 903 placuit
787 816 868 891 Deo,
896 821 931 880 et
956 815 1109 880 inventus
1140 825 1193 881 est
1215 817 1340 899 justus.
1386 815 1433 879 Et
1462 815 1497 877 in

638 917 787 988 tempore
821 903 1003 979 iracundiae,
1034 904 1144 966 factus
1179 913 1232 968 est
1262 901 1499 968 reconciliatio.

639 992 715 1056 Non
733 995 785 1052 est
807 989 963 1053 inventus
985 990 1105 1052 similis
1127 989 1187 1066 illi,
1204 992 1261 1074 qui
1284 993 1501 1055 conservaret

640 1077 747 1163 legem
775 1075 907 1139 excelsi.
952 1077 1031 1140 ldeb
1049 1076 1278 1158 jurejurando,
1301 1077 1382 1142 fecit
1406 1074 1500 1137 illum

642 1163 803 1229 Dominus
833 1184 981 1226 crescere
1011 1163 1046 1224 in
1078 1162 1206 1246 pldbem
1239 1186 1343 1228 suam.
1394 1163 1501 1226 Bene·

643 1249 819 1314 dictionem
835 1250 978 1311 omnium
995 1250 1144 1332 gentium
1163 1250 1255 1314 dedit
1269 1249 1331 1326 illi,
1348 1254 1383 1313 et
1398 1252 1502 1312 testa·

173 1358 465 1417 -vheollableonwhielff
479 1351 628 1413 thismuuieal
645 1343 792 1400 mentum
816 1357 911 1398 suum
932 1336 1139 1399 confirmavit
1162 1357 1262 1420 super
1282 1336 1383 1420 caput
1398 1337 1503 1417 “ejus

174 1409 608 1462 ⁰⁰⁸⁰⁸¹¹⁰⁰¹d¹³⁹⁹¹³⁰ed’¹⁸¹¹¹¹⁰ffi”¹¹¹'
646 1422 809 1508 Cognovit
835 1444 910 1484 eum
935 1423 969 1483 in
995 1422 1278 1490 benedictionibus
1305 1424 1394 1498 suis3
1426 1441 1501 1484 con·

647 1509 794 1574 servavit
823 1508 873 1571 illi
903 1508 1161 1572 misericordiam
1189 1531 1283 1574 suam
1311 1517 1345 1574 et
1375 1507 1502 1571 invenit

646 1597 789 1682 gratiam
814 1615 923 1659 coram
951 1595 1057 1658 dculis
1080 1594 1222 1667 Domini.
1270 1593 1503 1681 Magnificavit

649 1704 722 1747 eum
739 1683 773 1744 in
789 1686 968 1764 conspectu
983 1703 1109 1766 regum,
1126 1688 1161 1746 et
1176 1683 1266 1746 dedit
1281 1683 1332 1745 illi
1349 1684 1504 1746 coronam

649 1768 771 1854 gloriae.
811 1768 936 1831 Statuit
945 1767 994 1831 illi
1006 1775 1241 1832 testamentum
1253 1770 1504 1852 sempiternum,

650 1862 686 1918 et
707 1855 798 1918 dedit
819 1854 870 1916 illi
894 1855 1111 1918 sacerdotium
1135 1877 1301 1940 magnum,
1319 1862 1354 1918 et
1376 1854 1506 1917 beatifi-

651 1944 740 2006 cavit
768 1941 860 2003 illum
886 1941 920 2003 in
950 1939 1064 2024 glorit.
1110 1941 1218 2026 Fuugi
1249 1942 1446 2016 sacerdotio,
1471 1945 1505 2004 et

651 2029 773 2091 habere
795 2027 927 2091 laudem
950 2028 983 2088 in
1004 2027 1135 2090 ndmine
1158 2029 1273 2111 ipsius
1317 2027 1363 2092 Et
1385 2029 1504 2091 offerre

651 2115 701 2178 illi
717 2115 887 2177 incensum
902 2112 1034 2199 dignum
1051 2115 1083 2175 in
1101 2114 1234 2179 odorem
1251 2114 1440 2179 suavitatis.

968 2199 1191 2288 [sapientia]

710 2287 795 2350 Ecce
828 2287 981 2350 sacerdos
1012 2308 1154 2372 magnus
1188 2286 1245 2370 qui
1275 2287 1310 2349 in
1343 2286 1413 2351 vita
1448 2284 1507 2350 sut

185 2379 206 2420 ²¹⁸
237 2375 319 2464 84b,
655 2374 785 2437 curavit
808 2380 939 2458 gentem
969 2394 1073 2449 suam,
1101 2379 1134 2437 et
1164 2373 1321 2439 liberavit
1344 2395 1418 2437 eam
1444 2375 1464 2413 '¹‘
1490 2379 1509 2437 t

655 2459 847 2544 perditione.
892 2458 953 2542 Qui
970 2460 1117 2524 suffulsit
1132 2460 1274 2535 domum,
1289 2460 1372 2524 etin
1395 2458 1511 2524 diebus

657 2548 727 2611 suis
758 2545 983 2609 corrobordvit
1015 2546 1184 2631 templum.
1244 2546 1306 2632 Qui
1336 2541 1511 2630 praevaluit

658 2630 859 2716 amplificare
875 2633 1053 2708 civitatem,
1070 2635 1126 2716 qui
1149 2634 1288 2717 adeptus
1304 2640 1356 2696 est
1371 2633 1512 2718 gloriam

187 2720 527 2818 {fhssdssffissaffssssfielssffssss
538 2718 641 2768 ΝΜ·
658 2721 693 2782 in
710 2719 981 2783 conversationeb
998 2721 1123 2804 gentis;
1144 2721 1238 2803 quasi
1255 2720 1354 2784 stella
1368 2720 1512 2784 matina⁰

189 2790 248 2867 oidi-
258 2789 381 2866 diutinas
530 2796 536 2810 ⁸
659 2808 695 2870 in
709 2807 816 2870 medio
831 2806 958 2870 nebulae
975 2813 1009 2870 et
1024 2808 1120 2888 quasi
1135 2807 1215 2870 luna
1230 2806 1330 2891 plena
1344 2807 1379 2869 in
1395 2807 1512 2869 diebus

662 2893 732 2956 suis
762 2892 860 2967 lucet,
892 2900 926 2956 et
955 2893 1051 2976 quasi
1082 2893 1131 2956 sol
1165 2893 1345 2978 refulgens,
1377 2894 1424 2956 sic
1456 2892 1512 2954 ille

662 2979 788 3042 effulsit
799 2978 967 3062 intemplo
978 2979 1050 3054 Dei,
1062 2980 1116 3043 et<1
1128 2980 1225 3063 quasi
1236 3000 1333 3044 arcus
1342 2979 1514 3065 refulgens

662 3066 750 3128 inter
765 3064 903 3128 nebulas
918 3066 1042 3150 gloriae,
1057 3073 1091 3129 et
1106 3068 1200 3149 quasi
1216 3067 1277 3129 flos
1293 3087 1466 3129 rossanum
1482 3067 1514 3127 in

189 3177 200 3201 ο
223 3169 272 3208 Sar·
292 3161 466 3253 ”milcini
479 3161 505 3251 οξ
524 3159 645 3201 Sabaticr’s
662 3153 778 3215 diebus
800 3151 913 3226 veris‚0
943 3152 1038 3234 quasi
1061 3152 1162 3216 liliae‘
1186 3153 1219 3215 in
1243 3154 1389 3217 transitu
1411 3174 1515 3235 aquae,

190 3220 447 3313 dimittitur?
467 3225 511 3252 e¹'
663 3246 697 3302 et
733 3239 828 3321 quasi
865 3243 923 3301 tua
960 3239 1112 3302 redolens
1149 3239 1185 3301 in
1222 3240 1338 3303 diebus
1376 3239 1514 3313 aestatis,

664 3326 759 3409 quasi
795 3324 883 3408 ignis
927 3325 1091 3408 effulgens
1128 3329 1163 3389 et
1201 3326 1280 3389 thus
1322 3326 1446 3390 ardena
1483 3325 1516 3386 in

192 3440 379 3482 vassoniae.
663 3413 751 3497 igne,
776 3411 872 3494 quasi
898 3432 958 3475 vas
989 3412 1061 3475 auri
1088 3412 1228 3475 solidum
1266 3416 1329 3476 etss
1362 3418 1517 3475 ornatum

664 3498 753 3561 omni
782 3497 891 3580 lapide
922 3498 1078 3581 pretioso,
1105 3498 1201 3582 quasi
1232 3498 1321 3562 oliva
1349 3498 1518 3582 pululans‚

192 3607 390 3648 ostreorum.
664 3591 699 3648 et
728 3605 904 3666 cypressus
930 3585 964 3646 in
990 3584 1200 3648 altitudinem
1225 3584 1258 3647 sd
1280 3584 1434 3649 tollens.h
1479 3585 1518 3648 In

664 3671 853 3755 accipiendo
886 3670 980 3733 illum
1020 3671 1139 3735 stolam
1174 3671 1298 3756 gloriae,
1333 3676 1368 3735 et
1401 3672 1520 3735 vestiri

664 3779 739 3821 eum
769 3757 803 3818 in
834 3758 1113 3821 consummatione
1146 3759 1282 3821 virtutis
1311 3758 1346 3821 in
1378 3778 1520 3822 ascensu

664 3844 782 3907 altaris
795 3843 900 3906 sancti
906 3843 1142 3927 gloriamdedit
1154 3844 1341 3909 sanctitdtis
1352 3845 1521 3908 amictum.

665 3931 705 3993 In
729 3930 917 4014 accipiendo
942 3935 1053 3992 autem
1080 3937 1194 4014 partes
1220 3932 1260 3994 de
1287 3929 1387 3995 manu
1413 3952 1521 3995 sacer·

665 4016 789 4091 dotum,
822 4021 856 4079 et
885 4015 957 4098 ipse
992 4021 1086 4079 stans
1112 4019 1211 4103 juxta
1245 4038 1344 4104 arum.
1372 4017 1524 4102 porrexit

196 4114 466 4206 235353113201133352123
474 4110 649 4203 gpgupnnjssgpg
666 4124 799 4166 manum
817 4124 909 4166 suam
931 4103 964 4164 in
988 4103 1147 4167 libatione
1171 4109 1205 4166 et
1226 4104 1346 4168 libavit
1368 4104 1523 4168 odorem¹

194 4191 685 4277 wacsesusvuatuvuinterminuat'¹‘
712 4189 899 4264 suavitatis,
924 4193 958 4253 et
984 4189 1095 4252 vinum
1123 4189 1253 4254 excelso
1280 4190 1432 4274 principi.
1477 4189 1524 4252 Et

194 4261 650 4365 {ltililllilltl}‘Sd‘lltllltltlff¹¹⁰*
667 4276 803 4340 iteravit
839 4276 1021 4339 orationem
1057 4297 1160 4352 suam,
1196 4277 1310 4340 volens
1347 4277 1522 4340 ostendere

198 4371 220 4411 ²*
250 4373 267 4438 8
275 4388 330 4459 ga,
667 4363 823 4427 virtutem
850 4361 913 4425 Dei
938 4362 994 4446 qui
1018 4363 1097 4426 fecit
1123 4364 1315 4427 vobiscum]
1342 4365 1522 4427 secunddm

195 4463 208 4545 ᾗ
218 4465 403 4524 fornovum,
641 4448 913 4521 multitudinem
943 4448 1174 4513 miseriebrdiae
1197 4447 1292 4512 suae.¹‘
1336 4448 1403 4514 Det
1428 4451 1524 4514 nobis

225 4517 272 4554 Sur.
279 4525 319 4553 sec.
329 4511 504 4553 „memorum
514 4521 594 4558 antam
609 4520 652 4557 oue.
672 4538 677 4550 .

198 4563 366 4604 'sholastword
378 4561 399 4601 is
412 4563 485 4602 notin
499 4563 536 4601 uu
548 4562 650 4610 Vulgata,
666 4537 906 4619 jocunditatem
931 4536 1048 4610 cordis,
1065 4543 1099 4598 et
1121 4536 1192 4598 fieri
1216 4557 1327 4620 pacem
1351 4536 1386 4599 in
1409 4537 1526 4602 diebus

197 4613 575 4712 {¹}‘„ss}ss{‡‚'⁹⁸⁶⁶·⁰“¹¹⁹samm·
672 4623 796 4686 nostris
813 4624 846 4684 in
861 4621 960 4686 israel
977 4623 1029 4685 in¹
1055 4623 1126 4685 dies
1143 4623 1373 4706 sempiternos.

188 2978 200 3010 d
217 2978 265 3017 Sar.
273 2974 341 3015 omits
350 2977 377 3013 et.
