3158 5100
614 689 911 765 SEGRETS.

184 892 304 962 Accepta
316 889 351 942 sit
363 889 423 958 tibi,
437 889 513 957 Due,
528 906 563 958 q.,
578 897 677 945 nostres
689 889 839 944 devotionis
850 889 950 945 oblatio
962 890 1036 945 etad
1048 891 1135 946 sancti
1225 923 1234 933 -

183 979 225 1034 Da
237 979 324 1042 nobis,
338 979 492 1050 Dne.‚purae
505 978 656 1034 devotionis
669 978 803 1040 effectum,
816 984 850 1048 et,
864 979 1091 1035 intercedentibus
1102 980 1202 1035 sanctis
1224 1013 1233 1023 ·

236 1085 271 1137 q.,
284 1066 490 1121 clementissime
504 1065 591 1134 Pater,
606 1083 653 1136 per
664 1065 749 1136 hujus
760 1064 903 1120 oblationis
916 1064 1065 1120 misterium
1079 1084 1198 1123 meorum
1224 1099 1233 1110 ·

182 1155 224 1223 1),
237 1156 280 1209 cui
293 1154 343 1209 soli
356 1153 481 1224 cognitus
492 1158 533 1207 est
544 1168 675 1206 numerus
686 1152 831 1207 electorum
845 1151 874 1206 in
887 1153 1004 1224 superna
1015 1153 1144 1210 felicitate
1224 1186 1232 1196 -

238 1242 285 1312 qui
297 1242 434 1297 eredentes
447 1239 476 1293 in
490 1246 517 1294 te
530 1238 642 1311 populos
653 1239 739 1293 nullis
749 1239 817 1293 sinis
828 1241 935 1295 concuti
949 1241 1095 1296 terroribus

298 1347 346 1402 pro
358 1330 445 1383 salute
457 1327 554 1381 mundi
566 1327 738 1398 unigenitum
751 1326 852 1381 Filium
865 1333 944 1382 tuum
956 1328 1116 1384 sacrificium
1223 1362 1232 1373 -

296 1418 427 1490 singulari
440 1417 558 1489 corporis
570 1417 611 1470 tui
625 1415 715 1470 hostii
727 1416 811 1470 totius
823 1416 920 1471 mundi
932 1416 1034 1473 solvisti
1048 1418 1146 1474 delicta
1224 1450 1234 1461 ·

181 1509 247 1563 Due.
262 1508 303 1577 D,
317 1508 364 1578 qui
376 1506 520 1563 tribulatos
531 1506 609 1561 corde
621 1522 709 1575 sanas,
722 1510 749 1560 et
761 1505 932 1560 mestificatos
944 1510 1007 1560 actu
1018 1505 1140 1563 laetificis
1222 1538 1231 1549 ·

180 1596 233 1651 Fac
246 1612 300 1665 nos,
315 1613 349 1666 q.,
363 1596 441 1664 Due,
454 1595 595 1650 beatarum
605 1593 761 1664 virguinum
776 1597 885 1648 tuarum
897 1593 1034 1648 continuis
1107 1625 1115 1636 ·
1224 1627 1233 1636 -

180 1683 353 1738 Famulorum
367 1687 484 1752 tuorum,
500 1681 578 1745 Due,
592 1697 693 1736 munus
706 1681 756 1736 tibi
769 1680 897 1736 reddatur
908 1686 1046 1752 acceptum
1102 1713 1112 1724 ·
1221 1713 1230 1724 ·

181 1772 334 1840 Gratanter,
349 1771 426 1839 Dne,
437 1787 551 1824 munera
564 1768 679 1824 dicanda
691 1770 796 1824 intuere
809 1785 863 1840 que
872 1769 976 1823 nomini
990 1783 1037 1825 tuo
1049 1787 1097 1842 pro

182 1859 250 1914 Haeo
262 1859 358 1930 hostia,
373 1858 450 1926 Dua,
463 1857 625 1930 placationis
636 1863 664 1911 et
675 1856 770 1926 laudis,
784 1873 819 1927 q.,
833 1862 872 1927 ut,
885 1856 1082 1913 interveniente
1094 1859 1173 1914 beata
1223 1891 1232 1900 ·

369 1945 502 2015 salutaris,
516 1962 551 2014 c,
565 1945 642 2012 Dne,
657 1943 760 2014 quasin
773 1950 926 1999 sanctorum
939 1946 1120 2017 apostolorum
1222 1978 1232 1988 -

258 2034 367 2098 oblatio,
382 2035 449 2088 Dus.
464 2033 507 2097 D„
521 2032 608 2088 cordis
619 2031 704 2087 nostri
717 2034 838 2088 maculas
849 2033 980 2088 emundet

463 2139 500 2193 q.,
513 2122 548 2176 ab
560 2120 686 2177 omnibus
699 2138 748 2176 nos
760 2121 874 2177 mundet
886 2120 993 2177 offensis
1104 2154 1114 2164 -
1221 2156 1231 2166 -

181 2210 260 2266 lianc
273 2210 443 2272 oblationem,
457 2228 493 2280 q.,
507 2211 575 2266 Due.
591 2210 631 2280 D,
645 2227 726 2279 qnam
741 2214 797 2265 tuae
810 2209 946 2281 majestati
958 2211 1092 2283 supplices
1103 2228 1152 2282 pro
1223 2243 1233 2253 -

180 2299 238 2354 Has
248 2300 308 2362 tibi,
323 2300 398 2370 Dua,
413 2299 548 2353 offerimus
560 2297 716 2368 oblationes,
729 2315 778 2370 pro
791 2297 878 2352 salute
888 2298 983 2353 famuli
995 2298 1044 2367 tui,
1058 2300 1187 2369 quatinus
1224 2331 1233 2342 ·

179 2387 232 2442 His
243 2387 390 2456 sacrificiis,
405 2388 474 2454 Due,
488 2386 589 2440 animas
601 2385 712 2440 famulae
725 2391 781 2440 tuae
795 2386 849 2456 (cel
860 2385 1003 2440 animabus
1014 2386 1175 2441 famularum
1223 2419 1232 2430 -

398 2492 434 2546 q..
449 2475 530 2538 Dne.‚
543 2473 657 2528 concede
670 2474 799 2547 placatus,
812 2473 903 2545 utqui
916 2473 1031 2545 propriis
1043 2491 1150 2530 cramus
1222 2506 1231 2517 ·

176 2564 286 2630 Hostia,
300 2565 377 2634 nna,
391 2581 426 2634 q.,
440 2580 522 2634 quam
537 2562 567 2616 in
579 2562 666 2618 sancti
678 2562 705 2615 N
707 2604 713 2617 .
726 2561 839 2634 apostoli
853 2562 894 2616 tui
907 2561 1006 2616 honore
1018 2563 1076 2634 ejus
1088 2563 1217 2619 natalicia

295 2653 352 2720 hec,
366 2668 401 2722 q.,
416 2652 492 2720 Dne,
506 2668 587 2721 quarn
601 2656 756 2705 sanctorum
770 2655 878 2704 tuorum
892 2649 1022 2705 natalicia
1033 2657 1199 2707 recensentes
1223 2682 1234 2694 ·

294 2757 329 2810 q.,
344 2739 419 2808 Dua,
434 2738 563 2793 emundet
576 2743 669 2793 nostra
681 2737 790 2807 delicta,
805 2742 832 2792 et
844 2737 878 2791 ad
891 2742 1032 2792 venturam
1046 2739 1220 2795 festivitatem

176 2825 286 2882 Hostias
298 2828 357 2896 tibi,
371 2827 447 2896 Dne,
461 2827 550 2882 beatae
563 2825 598 2880 Ν.
612 2825 725 2897 virginis
738 2831 794 2880 tuae
806 2824 907 2879 dicatas
919 2825 1024 2880 meritis
1035 2826 1169 2898 benignus
1223 2860 1232 2870 -

461 2913 560 2968 humili
574 2912 725 2985 placatione
737 2910 890 2977 deferimus,
904 2917 936 2966 ut
947 2915 1048 2968 animae
1061 2915 1221 2971 famulorum

570 3001 768 3072 supplicatione
780 3016 828 3072 pro
840 3000 935 3056 animet
946 3001 1042 3056 famuli
1055 3004 1097 3057 tui

462 3088 552 3144 laudis
564 3087 708 3158 offerimus,
721 3088 879 3160 suppliciter
890 3089 1062 3161 deprecantes
1105 3123 1115 3134 ·
1223 3125 1232 3134 -

179 3177 213 3231 In
227 3182 368 3250 conspectu
383 3176 533 3248 majestatis
546 3182 609 3246 tuae,
624 3193 658 3247 q.,
672 3193 694 3231 o.
710 3175 750 3245 D,
764 3176 947 3231 intercedente
958 3178 1053 3232 sanctia
1065 3177 1114 3233 Dei
1222 3210 1231 3221 -

228 3265 366 3320 mentibus
379 3265 485 3321 nostris.
500 3282 534 3335 q.,
550 3264 625 3335 Due,
636 3281 707 3320 verm
719 3264 781 3319 fidei
793 3271 962 3322 sacramenta
973 3267 1103 3322 confirma

180 3352 306 3420 Intende,
321 3352 398 3422 Dne,
411 3369 525 3407 munera
537 3368 586 3424 pro
599 3358 751 3407 sanctarum
765 3351 901 3424 virginum
915 3358 1020 3407 tuaram
1105 3385 1114 3397 ·
1223 3386 1232 3397 -

319 3457 357 3511 q.,
372 3440 449 3506 Dua,
464 3457 578 3495 munera
590 3439 721 3494 altaribus
733 3441 795 3510 tuis,
809 3457 857 3512 pro
868 3445 1022 3496 sanctarum
1036 3441 1191 3519 virguinum
1223 3473 1232 3484 ·

458 3528 549 3582 oblata
563 3527 615 3581 tibi
628 3544 748 3596 munera,
762 3532 796 3598 et,
810 3527 995 3600 deprecatione
1007 3530 1095 3584 sancti
1106 3528 1141 3584 N.
1222 3561 1231 3571 ·

179 3615 346 3679 Interamnia,
360 3632 395 3685 q.,
410 3615 486 3684 Dua,
500 3615 586 3669 beatas
598 3613 695 3668 Marias
707 3630 812 3686 semper
824 3616 938 3687 virginis
949 3633 1065 3672 munera
1077 3623 1168 3672 nostra
1223 3648 1231 3658 ·

178 3704 330 3776 Magnifica,
343 3705 418 3771 Due„
433 3702 468 3758 N.
482 3703 554 3758 beati
567 3701 687 3758 martiris
698 3703 739 3757 tui
752 3702 911 3776 sollempnia
922 3720 1089 3760 recensemus
1103 3736 1112 3747 -
1221 3737 1230 3747 -

178 3793 313 3857 Miserere,
326 3811 363 3865 q.,
378 3793 454 3863 Due,
467 3792 578 3849 famulis
589 3798 617 3848 et
628 3791 782 3848 famulabus
794 3793 850 3848 tuis
861 3810 910 3864 pro
922 3795 1020 3865 quibus
1032 3794 1082 3849 hoc
1101 3825 1111 3836 ·
1220 3825 1229 3836 ·

176 3881 300 3952 Munera,
315 3882 391 3952 Due,
405 3897 467 3952 quae
480 3898 528 3953 pro
540 3880 720 3953 apostolorum
735 3887 841 3933 tuorum
856 3880 890 3936 N.
904 3881 1103 3952 sollempnitate

406 3985 440 4039 q.,
454 3968 545 4024 oblata
558 3967 708 4024 sanctificia
720 3973 747 4022 et
759 3967 838 4022 corda
850 3973 941 4023 nostra
984 3998 993 4009 ·
1102 3999 1112 4011 ·
1220 4000 1229 4010 -

456 4057 508 4112 tibi
520 4056 635 4112 dicanda
646 4056 785 4111 sanctifica
796 4061 824 4111 et
836 4074 883 4128 per
894 4074 926 4111 ca
938 4057 1044 4111 animas
1055 4056 1218 4111 famulorum

515 4144 605 4199 dicatu
616 4143 761 4212 sanctifica,
774 4148 809 4212 et,
822 4143 1005 4198 intercedente
1016 4143 1095 4199 beato
1107 4142 1142 4199 N.
1220 4176 1230 4185 -

319 4249 356 4303 q.,
371 4231 445 4299 Dua,
459 4247 521 4301 quae
535 4231 585 4287 tibi
599 4248 646 4304 pro
658 4230 752 4286 animi
764 4230 859 4286 famuli
872 4231 913 4285 tui
927 4231 980 4301 (rel
990 4231 1133 4286 animabus
1219 4263 1229 4272 ·

320 4327 375 4375 tuae
389 4320 551 4375 missericors
564 4320 606 4390 D,
620 4319 756 4392 majestati
769 4319 861 4375 oblata
872 4320 995 4392 benigno,
1008 4337 1043 4390 q.,
1056 4320 1161 4394 suscipe
1221 4353 1230 4362 -

178 4408 344 4478 Muneribus,
360 4407 436 4476 Dua,
451 4407 556 4477 nostris,
570 4424 606 4478 q.,
619 4408 795 4480 precibusque
807 4408 942 4480 susceptis,
956 4413 984 4462 et
996 4407 1137 4464 celestibus
1149 4426 1197 4464 nos
1222 4440 1231 4449 ·

100 4487 103 4492 ’
352 4495 459 4563 nostris,
476 4493 542 4550 Dns.
558 4494 600 4565 D,
614 4497 794 4567 apostolorum
810 4501 917 4551 tuorum
932 4493 966 4550 N.
980 4495 1048 4551 festa
1101 4525 1111 4536 ·
1219 4530 1228 4539 -
